%YAML 1.1
%TAG !u! tag:unity3d.com,2011:
--- !u!1 &8284010310683906008
GameObject:
  m_ObjectHideFlags: 0
  m_CorrespondingSourceObject: {fileID: 0}
  m_PrefabInstance: {fileID: 0}
  m_PrefabAsset: {fileID: 0}
  serializedVersion: 6
  m_Component:
  - component: {fileID: 8284010310683906010}
  - component: {fileID: 6763558715382720194}
  - component: {fileID: 9177210614376003709}
  - component: {fileID: 4584381592677464392}
  - component: {fileID: 164952263265282088}
  - component: {fileID: 8284010310683906011}
  - component: {fileID: 8284010310683906013}
  m_Layer: 0
  m_Name: GC
  m_TagString: Untagged
  m_Icon: {fileID: 0}
  m_NavMeshLayer: 0
  m_StaticEditorFlags: 0
  m_IsActive: 1
--- !u!4 &8284010310683906010
Transform:
  m_ObjectHideFlags: 0
  m_CorrespondingSourceObject: {fileID: 0}
  m_PrefabInstance: {fileID: 0}
  m_PrefabAsset: {fileID: 0}
  m_GameObject: {fileID: 8284010310683906008}
  m_LocalRotation: {x: 0, y: 0, z: 0, w: 1}
  m_LocalPosition: {x: 0, y: 0, z: 0}
  m_LocalScale: {x: 1, y: 1, z: 1}
  m_Children:
  - {fileID: 1053420366391677225}
  m_Father: {fileID: 0}
  m_RootOrder: 0
  m_LocalEulerAnglesHint: {x: 0, y: 0, z: 0}
--- !u!114 &6763558715382720194
MonoBehaviour:
  m_ObjectHideFlags: 0
  m_CorrespondingSourceObject: {fileID: 0}
  m_PrefabInstance: {fileID: 0}
  m_PrefabAsset: {fileID: 0}
  m_GameObject: {fileID: 8284010310683906008}
  m_Enabled: 1
  m_EditorHideFlags: 0
  m_Script: {fileID: 11500000, guid: 73921165f772f9d4d8b0208efa494277, type: 3}
  m_Name: 
  m_EditorClassIdentifier: 
  bow_Ammo: 0
  life: 0
  fury: 0
  position: {x: 0, y: 0, z: 0}
--- !u!114 &9177210614376003709
MonoBehaviour:
  m_ObjectHideFlags: 0
  m_CorrespondingSourceObject: {fileID: 0}
  m_PrefabInstance: {fileID: 0}
  m_PrefabAsset: {fileID: 0}
  m_GameObject: {fileID: 8284010310683906008}
  m_Enabled: 1
  m_EditorHideFlags: 0
  m_Script: {fileID: 11500000, guid: 7f70f4a9f415d9e419cbbd6827996bd9, type: 3}
  m_Name: 
  m_EditorClassIdentifier: 
  buttomTemplate: {fileID: 4392586867415816348}
  buttomFather: {fileID: 4457775514437783043}
  allButtonsSpawned: []
  allLores: []
--- !u!114 &4584381592677464392
MonoBehaviour:
  m_ObjectHideFlags: 0
  m_CorrespondingSourceObject: {fileID: 0}
  m_PrefabInstance: {fileID: 0}
  m_PrefabAsset: {fileID: 0}
  m_GameObject: {fileID: 8284010310683906008}
  m_Enabled: 1
  m_EditorHideFlags: 0
  m_Script: {fileID: 11500000, guid: c964e3952b7ed5445aeb95eb4d2a97da, type: 3}
  m_Name: 
  m_EditorClassIdentifier: 
  playerOnView: 0
  playerPosition: {fileID: 0}
  enemysReference: []
  foundInHide: 0
--- !u!114 &164952263265282088
MonoBehaviour:
  m_ObjectHideFlags: 0
  m_CorrespondingSourceObject: {fileID: 0}
  m_PrefabInstance: {fileID: 0}
  m_PrefabAsset: {fileID: 0}
  m_GameObject: {fileID: 8284010310683906008}
  m_Enabled: 1
  m_EditorHideFlags: 0
  m_Script: {fileID: 11500000, guid: a366b62f49b3eaf4da2ca2043c0c7aca, type: 3}
  m_Name: 
  m_EditorClassIdentifier: 
  canvasPause: {fileID: 63177522504639628}
--- !u!114 &8284010310683906011
MonoBehaviour:
  m_ObjectHideFlags: 0
  m_CorrespondingSourceObject: {fileID: 0}
  m_PrefabInstance: {fileID: 0}
  m_PrefabAsset: {fileID: 0}
  m_GameObject: {fileID: 8284010310683906008}
  m_Enabled: 1
  m_EditorHideFlags: 0
  m_Script: {fileID: 11500000, guid: 92a87535a9274b34da9b72f3ebf765e5, type: 3}
  m_Name: 
  m_EditorClassIdentifier: 
  HUD_Death: {fileID: 2224849024348975405}
  HUD_Bullets: {fileID: 4888462087527406293}
  HUD_Arrows: {fileID: 7732258820422629088}
  dialogoText: {fileID: 88188440291385944}
  lifeBar: {fileID: 3109936378485876973}
  furyBar: {fileID: 3540063138408548306}
  fadeImage: {fileID: 6257092314165160981}
  loadingIcon: {fileID: 5171316660803474386}
  bulletsText: {fileID: 5647067591884814410}
  arrowsText: {fileID: 6835302398951895353}
  FullHp:
    m_PersistentCalls:
      m_Calls: []
    m_TypeName: UnityEngine.Events.UnityEvent, UnityEngine.CoreModule, Version=0.0.0.0,
      Culture=neutral, PublicKeyToken=null
  FullRage:
    m_PersistentCalls:
      m_Calls: []
    m_TypeName: UnityEngine.Events.UnityEvent, UnityEngine.CoreModule, Version=0.0.0.0,
      Culture=neutral, PublicKeyToken=null
  fadein: 1
  arrows: 0
  bullets: 0
  death: 0
--- !u!114 &8284010310683906013
MonoBehaviour:
  m_ObjectHideFlags: 0
  m_CorrespondingSourceObject: {fileID: 0}
  m_PrefabInstance: {fileID: 0}
  m_PrefabAsset: {fileID: 0}
  m_GameObject: {fileID: 8284010310683906008}
  m_Enabled: 1
  m_EditorHideFlags: 0
  m_Script: {fileID: 11500000, guid: ec5fdd83b41686144ad847edbf52e3b9, type: 3}
  m_Name: 
  m_EditorClassIdentifier: 
  timeToShow: 0.05
  timerToDestroy: 3
  currentStepText: 
  textToShow: 
  currentIndice: 0
  showDialogue: 0
  endingDialogue: 0
  dialogos: []
  StartDialogue:
    m_PersistentCalls:
      m_Calls:
      - m_Target: {fileID: 1053420364534838307}
        m_MethodName: SetActive
        m_Mode: 6
        m_Arguments:
          m_ObjectArgument: {fileID: 0}
          m_ObjectArgumentAssemblyTypeName: UnityEngine.Object, UnityEngine
          m_IntArgument: 0
          m_FloatArgument: 0
          m_StringArgument: 
          m_BoolArgument: 1
        m_CallState: 2
      - m_Target: {fileID: 8284010310683906013}
        m_MethodName: CallNewDialogue
        m_Mode: 1
        m_Arguments:
          m_ObjectArgument: {fileID: 0}
          m_ObjectArgumentAssemblyTypeName: UnityEngine.Object, UnityEngine
          m_IntArgument: 0
          m_FloatArgument: 0
          m_StringArgument: 
          m_BoolArgument: 1
        m_CallState: 2
    m_TypeName: UnityEngine.Events.UnityEvent, UnityEngine.CoreModule, Version=0.0.0.0,
      Culture=neutral, PublicKeyToken=null
  EndingDialogue:
    m_PersistentCalls:
      m_Calls:
      - m_Target: {fileID: 1053420364534838307}
        m_MethodName: SetActive
        m_Mode: 6
        m_Arguments:
          m_ObjectArgument: {fileID: 0}
          m_ObjectArgumentAssemblyTypeName: UnityEngine.Object, UnityEngine
          m_IntArgument: 0
          m_FloatArgument: 0
          m_StringArgument: 
          m_BoolArgument: 0
        m_CallState: 2
    m_TypeName: UnityEngine.Events.UnityEvent, UnityEngine.CoreModule, Version=0.0.0.0,
      Culture=neutral, PublicKeyToken=null
  textUiObj: {fileID: 1890019521778616650}
  enable_Start: {fileID: 1053420364534838307}
  choice_Parent: {fileID: 614053449639614215}
  onTalk: 0
--- !u!1001 &8284010310671770018
PrefabInstance:
  m_ObjectHideFlags: 0
  serializedVersion: 2
  m_Modification:
    m_TransformParent: {fileID: 8284010310683906010}
    m_Modifications:
    - target: {fileID: 8964475812115099787, guid: 4bcf4b9f721f846438dcd94b4edb4f4a,
        type: 3}
      propertyPath: m_LocalPosition.x
      value: 0
      objectReference: {fileID: 0}
    - target: {fileID: 8964475812115099787, guid: 4bcf4b9f721f846438dcd94b4edb4f4a,
        type: 3}
      propertyPath: m_LocalPosition.y
      value: 0
      objectReference: {fileID: 0}
    - target: {fileID: 8964475812115099787, guid: 4bcf4b9f721f846438dcd94b4edb4f4a,
        type: 3}
      propertyPath: m_LocalPosition.z
      value: 0
      objectReference: {fileID: 0}
    - target: {fileID: 8964475812115099787, guid: 4bcf4b9f721f846438dcd94b4edb4f4a,
        type: 3}
      propertyPath: m_LocalRotation.x
      value: 0
      objectReference: {fileID: 0}
    - target: {fileID: 8964475812115099787, guid: 4bcf4b9f721f846438dcd94b4edb4f4a,
        type: 3}
      propertyPath: m_LocalRotation.y
      value: 0
      objectReference: {fileID: 0}
    - target: {fileID: 8964475812115099787, guid: 4bcf4b9f721f846438dcd94b4edb4f4a,
        type: 3}
      propertyPath: m_LocalRotation.z
      value: 0
      objectReference: {fileID: 0}
    - target: {fileID: 8964475812115099787, guid: 4bcf4b9f721f846438dcd94b4edb4f4a,
        type: 3}
      propertyPath: m_LocalRotation.w
      value: 1
      objectReference: {fileID: 0}
    - target: {fileID: 8964475812115099787, guid: 4bcf4b9f721f846438dcd94b4edb4f4a,
        type: 3}
      propertyPath: m_RootOrder
      value: 0
      objectReference: {fileID: 0}
    - target: {fileID: 8964475812115099787, guid: 4bcf4b9f721f846438dcd94b4edb4f4a,
        type: 3}
      propertyPath: m_LocalEulerAnglesHint.x
      value: 0
      objectReference: {fileID: 0}
    - target: {fileID: 8964475812115099787, guid: 4bcf4b9f721f846438dcd94b4edb4f4a,
        type: 3}
      propertyPath: m_LocalEulerAnglesHint.y
      value: 0
      objectReference: {fileID: 0}
    - target: {fileID: 8964475812115099787, guid: 4bcf4b9f721f846438dcd94b4edb4f4a,
        type: 3}
      propertyPath: m_LocalEulerAnglesHint.z
      value: 0
      objectReference: {fileID: 0}
    - target: {fileID: 8964475812115099787, guid: 4bcf4b9f721f846438dcd94b4edb4f4a,
        type: 3}
      propertyPath: m_AnchoredPosition.x
      value: 0
      objectReference: {fileID: 0}
    - target: {fileID: 8964475812115099787, guid: 4bcf4b9f721f846438dcd94b4edb4f4a,
        type: 3}
      propertyPath: m_AnchoredPosition.y
      value: 0
      objectReference: {fileID: 0}
    - target: {fileID: 8964475812115099787, guid: 4bcf4b9f721f846438dcd94b4edb4f4a,
        type: 3}
      propertyPath: m_SizeDelta.x
      value: 0
      objectReference: {fileID: 0}
    - target: {fileID: 8964475812115099787, guid: 4bcf4b9f721f846438dcd94b4edb4f4a,
        type: 3}
      propertyPath: m_SizeDelta.y
      value: 0
      objectReference: {fileID: 0}
    - target: {fileID: 8964475812115099787, guid: 4bcf4b9f721f846438dcd94b4edb4f4a,
        type: 3}
      propertyPath: m_AnchorMin.x
      value: 0
      objectReference: {fileID: 0}
    - target: {fileID: 8964475812115099787, guid: 4bcf4b9f721f846438dcd94b4edb4f4a,
        type: 3}
      propertyPath: m_AnchorMin.y
      value: 0
      objectReference: {fileID: 0}
    - target: {fileID: 8964475812115099787, guid: 4bcf4b9f721f846438dcd94b4edb4f4a,
        type: 3}
      propertyPath: m_AnchorMax.x
      value: 0
      objectReference: {fileID: 0}
    - target: {fileID: 8964475812115099787, guid: 4bcf4b9f721f846438dcd94b4edb4f4a,
        type: 3}
      propertyPath: m_AnchorMax.y
      value: 0
      objectReference: {fileID: 0}
    - target: {fileID: 8964475812115099787, guid: 4bcf4b9f721f846438dcd94b4edb4f4a,
        type: 3}
      propertyPath: m_Pivot.x
      value: 0
      objectReference: {fileID: 0}
    - target: {fileID: 8964475812115099787, guid: 4bcf4b9f721f846438dcd94b4edb4f4a,
        type: 3}
      propertyPath: m_Pivot.y
      value: 0
      objectReference: {fileID: 0}
    - target: {fileID: 8964475812115099791, guid: 4bcf4b9f721f846438dcd94b4edb4f4a,
        type: 3}
      propertyPath: m_Name
      value: '[MAIN CANVAS]'
      objectReference: {fileID: 0}
    - target: {fileID: 8220974651496334638, guid: 4bcf4b9f721f846438dcd94b4edb4f4a,
        type: 3}
      propertyPath: m_IsActive
      value: 0
      objectReference: {fileID: 0}
    m_RemovedComponents: []
  m_SourcePrefab: {fileID: 100100000, guid: 4bcf4b9f721f846438dcd94b4edb4f4a, type: 3}
--- !u!224 &1053420366391677225 stripped
RectTransform:
  m_CorrespondingSourceObject: {fileID: 8964475812115099787, guid: 4bcf4b9f721f846438dcd94b4edb4f4a,
    type: 3}
  m_PrefabInstance: {fileID: 8284010310671770018}
  m_PrefabAsset: {fileID: 0}
--- !u!95 &2224849024348975405 stripped
Animator:
  m_CorrespondingSourceObject: {fileID: 7788684300726194319, guid: 4bcf4b9f721f846438dcd94b4edb4f4a,
    type: 3}
  m_PrefabInstance: {fileID: 8284010310671770018}
  m_PrefabAsset: {fileID: 0}
--- !u!114 &3109936378485876973 stripped
MonoBehaviour:
  m_CorrespondingSourceObject: {fileID: 6475615324568062287, guid: 4bcf4b9f721f846438dcd94b4edb4f4a,
    type: 3}
  m_PrefabInstance: {fileID: 8284010310671770018}
  m_PrefabAsset: {fileID: 0}
  m_GameObject: {fileID: 0}
  m_Enabled: 1
  m_EditorHideFlags: 0
  m_Script: {fileID: 11500000, guid: fe87c0e1cc204ed48ad3b37840f39efc, type: 3}
  m_Name: 
  m_EditorClassIdentifier: 
--- !u!114 &3540063138408548306 stripped
MonoBehaviour:
  m_CorrespondingSourceObject: {fileID: 4888204223781037680, guid: 4bcf4b9f721f846438dcd94b4edb4f4a,
    type: 3}
  m_PrefabInstance: {fileID: 8284010310671770018}
  m_PrefabAsset: {fileID: 0}
  m_GameObject: {fileID: 0}
  m_Enabled: 1
  m_EditorHideFlags: 0
  m_Script: {fileID: 11500000, guid: fe87c0e1cc204ed48ad3b37840f39efc, type: 3}
  m_Name: 
  m_EditorClassIdentifier: 
--- !u!95 &4888462087527406293 stripped
Animator:
  m_CorrespondingSourceObject: {fileID: 3540384710713326455, guid: 4bcf4b9f721f846438dcd94b4edb4f4a,
    type: 3}
  m_PrefabInstance: {fileID: 8284010310671770018}
  m_PrefabAsset: {fileID: 0}
--- !u!114 &5647067591884814410 stripped
MonoBehaviour:
  m_CorrespondingSourceObject: {fileID: 4370986922335115752, guid: 4bcf4b9f721f846438dcd94b4edb4f4a,
    type: 3}
  m_PrefabInstance: {fileID: 8284010310671770018}
  m_PrefabAsset: {fileID: 0}
  m_GameObject: {fileID: 0}
  m_Enabled: 1
  m_EditorHideFlags: 0
  m_Script: {fileID: 11500000, guid: f4688fdb7df04437aeb418b961361dc5, type: 3}
  m_Name: 
  m_EditorClassIdentifier: 
--- !u!95 &7732258820422629088 stripped
Animator:
  m_CorrespondingSourceObject: {fileID: 1853291799895365442, guid: 4bcf4b9f721f846438dcd94b4edb4f4a,
    type: 3}
  m_PrefabInstance: {fileID: 8284010310671770018}
  m_PrefabAsset: {fileID: 0}
--- !u!114 &6835302398951895353 stripped
MonoBehaviour:
  m_CorrespondingSourceObject: {fileID: 3183315057167863963, guid: 4bcf4b9f721f846438dcd94b4edb4f4a,
    type: 3}
  m_PrefabInstance: {fileID: 8284010310671770018}
  m_PrefabAsset: {fileID: 0}
  m_GameObject: {fileID: 0}
  m_Enabled: 1
  m_EditorHideFlags: 0
  m_Script: {fileID: 11500000, guid: f4688fdb7df04437aeb418b961361dc5, type: 3}
  m_Name: 
  m_EditorClassIdentifier: 
--- !u!114 &6257092314165160981 stripped
MonoBehaviour:
  m_CorrespondingSourceObject: {fileID: 2603959310298353079, guid: 4bcf4b9f721f846438dcd94b4edb4f4a,
    type: 3}
  m_PrefabInstance: {fileID: 8284010310671770018}
  m_PrefabAsset: {fileID: 0}
  m_GameObject: {fileID: 0}
  m_Enabled: 1
  m_EditorHideFlags: 0
  m_Script: {fileID: 11500000, guid: fe87c0e1cc204ed48ad3b37840f39efc, type: 3}
  m_Name: 
  m_EditorClassIdentifier: 
--- !u!1 &1053420364534838307 stripped
GameObject:
  m_CorrespondingSourceObject: {fileID: 8964475811264550273, guid: 4bcf4b9f721f846438dcd94b4edb4f4a,
    type: 3}
  m_PrefabInstance: {fileID: 8284010310671770018}
  m_PrefabAsset: {fileID: 0}
--- !u!1 &1890019521778616650 stripped
GameObject:
  m_CorrespondingSourceObject: {fileID: 7551417003515881704, guid: 4bcf4b9f721f846438dcd94b4edb4f4a,
    type: 3}
  m_PrefabInstance: {fileID: 8284010310671770018}
  m_PrefabAsset: {fileID: 0}
--- !u!114 &88188440291385944 stripped
MonoBehaviour:
  m_CorrespondingSourceObject: {fileID: 8345163065697666042, guid: 4bcf4b9f721f846438dcd94b4edb4f4a,
    type: 3}
  m_PrefabInstance: {fileID: 8284010310671770018}
  m_PrefabAsset: {fileID: 0}
  m_GameObject: {fileID: 1890019521778616650}
  m_Enabled: 1
  m_EditorHideFlags: 0
  m_Script: {fileID: 11500000, guid: f4688fdb7df04437aeb418b961361dc5, type: 3}
  m_Name: 
  m_EditorClassIdentifier: 
--- !u!1 &5171316660803474386 stripped
GameObject:
  m_CorrespondingSourceObject: {fileID: 3833269607561671280, guid: 4bcf4b9f721f846438dcd94b4edb4f4a,
    type: 3}
  m_PrefabInstance: {fileID: 8284010310671770018}
  m_PrefabAsset: {fileID: 0}
--- !u!1 &63177522504639628 stripped
GameObject:
  m_CorrespondingSourceObject: {fileID: 8220974651496334638, guid: 4bcf4b9f721f846438dcd94b4edb4f4a,
    type: 3}
  m_PrefabInstance: {fileID: 8284010310671770018}
  m_PrefabAsset: {fileID: 0}
--- !u!1 &4457775514437783043 stripped
GameObject:
  m_CorrespondingSourceObject: {fileID: 5704798810136129441, guid: 4bcf4b9f721f846438dcd94b4edb4f4a,
    type: 3}
  m_PrefabInstance: {fileID: 8284010310671770018}
  m_PrefabAsset: {fileID: 0}
--- !u!1 &4392586867415816348 stripped
GameObject:
  m_CorrespondingSourceObject: {fileID: 5621386268213393726, guid: 4bcf4b9f721f846438dcd94b4edb4f4a,
    type: 3}
  m_PrefabInstance: {fileID: 8284010310671770018}
  m_PrefabAsset: {fileID: 0}
--- !u!224 &614053449639614215 stripped
RectTransform:
  m_CorrespondingSourceObject: {fileID: 8823458935716247205, guid: 4bcf4b9f721f846438dcd94b4edb4f4a,
    type: 3}
  m_PrefabInstance: {fileID: 8284010310671770018}
  m_PrefabAsset: {fileID: 0}
