%YAML 1.1
%TAG !u! tag:unity3d.com,2011:
--- !u!1 &8123798225277996281
GameObject:
  m_ObjectHideFlags: 0
  m_CorrespondingSourceObject: {fileID: 0}
  m_PrefabInstance: {fileID: 0}
  m_PrefabAsset: {fileID: 0}
  serializedVersion: 6
  m_Component:
  - component: {fileID: 5109015646259265258}
  - component: {fileID: 4304834409145369820}
  - component: {fileID: 7530389649273321509}
  - component: {fileID: 5661265399307026597}
  - component: {fileID: 860888700875656463}
  m_Layer: 11
  m_Name: Vaso2Prefab
  m_TagString: Untagged
  m_Icon: {fileID: 0}
  m_NavMeshLayer: 0
  m_StaticEditorFlags: 0
  m_IsActive: 1
--- !u!4 &5109015646259265258
Transform:
  m_ObjectHideFlags: 0
  m_CorrespondingSourceObject: {fileID: 0}
  m_PrefabInstance: {fileID: 0}
  m_PrefabAsset: {fileID: 0}
  m_GameObject: {fileID: 8123798225277996281}
  m_LocalRotation: {x: 0, y: 0, z: 0, w: 1}
  m_LocalPosition: {x: 0, y: 0, z: 0}
  m_LocalScale: {x: 1, y: 1, z: 1}
  m_Children:
  - {fileID: 580601556150257322}
  m_Father: {fileID: 0}
  m_RootOrder: 0
  m_LocalEulerAnglesHint: {x: 0, y: 0, z: 0}
--- !u!33 &4304834409145369820
MeshFilter:
  m_ObjectHideFlags: 0
  m_CorrespondingSourceObject: {fileID: 0}
  m_PrefabInstance: {fileID: 0}
  m_PrefabAsset: {fileID: 0}
  m_GameObject: {fileID: 8123798225277996281}
  m_Mesh: {fileID: -7985995824262061031, guid: 8bf73bce3c2b3ba468f1c81551e23580, type: 3}
--- !u!23 &7530389649273321509
MeshRenderer:
  m_ObjectHideFlags: 0
  m_CorrespondingSourceObject: {fileID: 0}
  m_PrefabInstance: {fileID: 0}
  m_PrefabAsset: {fileID: 0}
  m_GameObject: {fileID: 8123798225277996281}
  m_Enabled: 1
  m_CastShadows: 1
  m_ReceiveShadows: 1
  m_DynamicOccludee: 1
  m_MotionVectors: 1
  m_LightProbeUsage: 1
  m_ReflectionProbeUsage: 1
  m_RenderingLayerMask: 1
  m_RendererPriority: 0
  m_Materials:
  - {fileID: 2100000, guid: 6695e6a0b22347c4487ce654907cdb7c, type: 2}
  m_StaticBatchInfo:
    firstSubMesh: 0
    subMeshCount: 0
  m_StaticBatchRoot: {fileID: 0}
  m_ProbeAnchor: {fileID: 0}
  m_LightProbeVolumeOverride: {fileID: 0}
  m_ScaleInLightmap: 1
  m_ReceiveGI: 1
  m_PreserveUVs: 0
  m_IgnoreNormalsForChartDetection: 0
  m_ImportantGI: 0
  m_StitchLightmapSeams: 1
  m_SelectedEditorRenderState: 3
  m_MinimumChartSize: 4
  m_AutoUVMaxDistance: 0.5
  m_AutoUVMaxAngle: 89
  m_LightmapParameters: {fileID: 0}
  m_SortingLayerID: 0
  m_SortingLayer: 0
  m_SortingOrder: 0
--- !u!136 &5661265399307026597
CapsuleCollider:
  m_ObjectHideFlags: 0
  m_CorrespondingSourceObject: {fileID: 0}
  m_PrefabInstance: {fileID: 0}
  m_PrefabAsset: {fileID: 0}
  m_GameObject: {fileID: 8123798225277996281}
  m_Material: {fileID: 0}
  m_IsTrigger: 0
  m_Enabled: 1
  m_Radius: 0.17614822
  m_Height: 0.31345287
  m_Direction: 1
  m_Center: {x: 0, y: 0.15672643, z: 0}
--- !u!114 &860888700875656463
MonoBehaviour:
  m_ObjectHideFlags: 0
  m_CorrespondingSourceObject: {fileID: 0}
  m_PrefabInstance: {fileID: 0}
  m_PrefabAsset: {fileID: 0}
  m_GameObject: {fileID: 8123798225277996281}
  m_Enabled: 1
  m_EditorHideFlags: 0
  m_Script: {fileID: 11500000, guid: f94b1aa5f2f0770418a5428de278b7d0, type: 3}
  m_Name: 
  m_EditorClassIdentifier: 
  life: 2
  receivedHit:
    m_PersistentCalls:
      m_Calls: []
    m_TypeName: UnityEngine.Events.UnityEvent, UnityEngine.CoreModule, Version=0.0.0.0,
      Culture=neutral, PublicKeyToken=null
  onDestroy:
    m_PersistentCalls:
      m_Calls:
      - m_Target: {fileID: 4491759892519384249}
        m_MethodName: SetActive
        m_Mode: 6
        m_Arguments:
          m_ObjectArgument: {fileID: 0}
          m_ObjectArgumentAssemblyTypeName: UnityEngine.Object, UnityEngine
          m_IntArgument: 0
          m_FloatArgument: 0
          m_StringArgument: 
          m_BoolArgument: 1
        m_CallState: 2
      - m_Target: {fileID: 580601556150257322}
        m_MethodName: DetachChildren
        m_Mode: 1
        m_Arguments:
          m_ObjectArgument: {fileID: 0}
          m_ObjectArgumentAssemblyTypeName: UnityEngine.Object, UnityEngine
          m_IntArgument: 0
          m_FloatArgument: 0
          m_StringArgument: 
          m_BoolArgument: 0
        m_CallState: 2
      - m_Target: {fileID: 8123798225277996281}
        m_MethodName: SetActive
        m_Mode: 6
        m_Arguments:
          m_ObjectArgument: {fileID: 0}
          m_ObjectArgumentAssemblyTypeName: UnityEngine.Object, UnityEngine
          m_IntArgument: 0
          m_FloatArgument: 0
          m_StringArgument: 
          m_BoolArgument: 0
        m_CallState: 2
    m_TypeName: UnityEngine.Events.UnityEvent, UnityEngine.CoreModule, Version=0.0.0.0,
      Culture=neutral, PublicKeyToken=null
--- !u!1001 &5070450118894754382
PrefabInstance:
  m_ObjectHideFlags: 0
  serializedVersion: 2
  m_Modification:
    m_TransformParent: {fileID: 5109015646259265258}
    m_Modifications:
    - target: {fileID: 8649220628974006007, guid: 90fbfc12ddfa27a4c85c023b0b8b16f3,
        type: 3}
      propertyPath: m_Name
      value: Vase2Broken_Prefab
      objectReference: {fileID: 0}
    - target: {fileID: 8649220628974006007, guid: 90fbfc12ddfa27a4c85c023b0b8b16f3,
        type: 3}
      propertyPath: m_IsActive
      value: 0
      objectReference: {fileID: 0}
    - target: {fileID: 8649220628974006007, guid: 90fbfc12ddfa27a4c85c023b0b8b16f3,
        type: 3}
      propertyPath: m_Layer
      value: 2
      objectReference: {fileID: 0}
    - target: {fileID: 5643975218074426596, guid: 90fbfc12ddfa27a4c85c023b0b8b16f3,
        type: 3}
      propertyPath: m_LocalPosition.x
      value: 0
      objectReference: {fileID: 0}
    - target: {fileID: 5643975218074426596, guid: 90fbfc12ddfa27a4c85c023b0b8b16f3,
        type: 3}
      propertyPath: m_LocalPosition.y
      value: 0
      objectReference: {fileID: 0}
    - target: {fileID: 5643975218074426596, guid: 90fbfc12ddfa27a4c85c023b0b8b16f3,
        type: 3}
      propertyPath: m_LocalPosition.z
      value: 0
      objectReference: {fileID: 0}
    - target: {fileID: 5643975218074426596, guid: 90fbfc12ddfa27a4c85c023b0b8b16f3,
        type: 3}
      propertyPath: m_LocalRotation.x
      value: 0
      objectReference: {fileID: 0}
    - target: {fileID: 5643975218074426596, guid: 90fbfc12ddfa27a4c85c023b0b8b16f3,
        type: 3}
      propertyPath: m_LocalRotation.y
      value: 0
      objectReference: {fileID: 0}
    - target: {fileID: 5643975218074426596, guid: 90fbfc12ddfa27a4c85c023b0b8b16f3,
        type: 3}
      propertyPath: m_LocalRotation.z
      value: 0
      objectReference: {fileID: 0}
    - target: {fileID: 5643975218074426596, guid: 90fbfc12ddfa27a4c85c023b0b8b16f3,
        type: 3}
      propertyPath: m_LocalRotation.w
      value: 1
      objectReference: {fileID: 0}
    - target: {fileID: 5643975218074426596, guid: 90fbfc12ddfa27a4c85c023b0b8b16f3,
        type: 3}
      propertyPath: m_RootOrder
      value: 0
      objectReference: {fileID: 0}
    - target: {fileID: 5643975218074426596, guid: 90fbfc12ddfa27a4c85c023b0b8b16f3,
        type: 3}
      propertyPath: m_LocalEulerAnglesHint.x
      value: 0
      objectReference: {fileID: 0}
    - target: {fileID: 5643975218074426596, guid: 90fbfc12ddfa27a4c85c023b0b8b16f3,
        type: 3}
      propertyPath: m_LocalEulerAnglesHint.y
      value: 0
      objectReference: {fileID: 0}
    - target: {fileID: 5643975218074426596, guid: 90fbfc12ddfa27a4c85c023b0b8b16f3,
        type: 3}
      propertyPath: m_LocalEulerAnglesHint.z
      value: 0
      objectReference: {fileID: 0}
    - target: {fileID: 4829864208617060412, guid: 90fbfc12ddfa27a4c85c023b0b8b16f3,
        type: 3}
      propertyPath: m_Layer
      value: 2
      objectReference: {fileID: 0}
    - target: {fileID: 5339071919416406640, guid: 90fbfc12ddfa27a4c85c023b0b8b16f3,
        type: 3}
      propertyPath: m_Layer
      value: 2
      objectReference: {fileID: 0}
    - target: {fileID: 6645033043512820967, guid: 90fbfc12ddfa27a4c85c023b0b8b16f3,
        type: 3}
      propertyPath: m_Layer
      value: 2
      objectReference: {fileID: 0}
    - target: {fileID: 7097999066025149077, guid: 90fbfc12ddfa27a4c85c023b0b8b16f3,
        type: 3}
      propertyPath: m_Layer
      value: 2
      objectReference: {fileID: 0}
    - target: {fileID: 7634838428993562213, guid: 90fbfc12ddfa27a4c85c023b0b8b16f3,
        type: 3}
      propertyPath: m_Layer
      value: 2
      objectReference: {fileID: 0}
    - target: {fileID: 9116598636561722891, guid: 90fbfc12ddfa27a4c85c023b0b8b16f3,
        type: 3}
      propertyPath: m_Layer
      value: 2
      objectReference: {fileID: 0}
    - target: {fileID: 9190909945361141810, guid: 90fbfc12ddfa27a4c85c023b0b8b16f3,
        type: 3}
      propertyPath: m_Layer
      value: 2
      objectReference: {fileID: 0}
    - target: {fileID: 456733904803399693, guid: 90fbfc12ddfa27a4c85c023b0b8b16f3,
        type: 3}
      propertyPath: m_Layer
      value: 2
      objectReference: {fileID: 0}
    - target: {fileID: 1653884356361079319, guid: 90fbfc12ddfa27a4c85c023b0b8b16f3,
        type: 3}
      propertyPath: m_Layer
      value: 2
      objectReference: {fileID: 0}
    - target: {fileID: 3392245016305242891, guid: 90fbfc12ddfa27a4c85c023b0b8b16f3,
        type: 3}
      propertyPath: m_Layer
      value: 2
      objectReference: {fileID: 0}
    - target: {fileID: 3023009797776516405, guid: 90fbfc12ddfa27a4c85c023b0b8b16f3,
        type: 3}
      propertyPath: m_Layer
      value: 2
      objectReference: {fileID: 0}
    - target: {fileID: 3764021772991039767, guid: 90fbfc12ddfa27a4c85c023b0b8b16f3,
        type: 3}
      propertyPath: m_Layer
      value: 2
      objectReference: {fileID: 0}
    m_RemovedComponents: []
  m_SourcePrefab: {fileID: 100100000, guid: 90fbfc12ddfa27a4c85c023b0b8b16f3, type: 3}
--- !u!1 &4491759892519384249 stripped
GameObject:
  m_CorrespondingSourceObject: {fileID: 8649220628974006007, guid: 90fbfc12ddfa27a4c85c023b0b8b16f3,
    type: 3}
  m_PrefabInstance: {fileID: 5070450118894754382}
  m_PrefabAsset: {fileID: 0}
--- !u!4 &580601556150257322 stripped
Transform:
  m_CorrespondingSourceObject: {fileID: 5643975218074426596, guid: 90fbfc12ddfa27a4c85c023b0b8b16f3,
    type: 3}
  m_PrefabInstance: {fileID: 5070450118894754382}
  m_PrefabAsset: {fileID: 0}
