%YAML 1.1
%TAG !u! tag:unity3d.com,2011:
--- !u!1 &2947800494956750892
GameObject:
  m_ObjectHideFlags: 0
  m_CorrespondingSourceObject: {fileID: 0}
  m_PrefabInstance: {fileID: 0}
  m_PrefabAsset: {fileID: 0}
  serializedVersion: 6
  m_Component:
  - component: {fileID: 2212368262070065727}
  - component: {fileID: 7199267377715339273}
  - component: {fileID: 3518550330521165040}
  - component: {fileID: 6613920851195418762}
  - component: {fileID: 7444107748924197775}
  - component: {fileID: 6938979075629287374}
  m_Layer: 11
  m_Name: Prefab_LoreBox
  m_TagString: Untagged
  m_Icon: {fileID: 0}
  m_NavMeshLayer: 0
  m_StaticEditorFlags: 0
  m_IsActive: 1
--- !u!4 &2212368262070065727
Transform:
  m_ObjectHideFlags: 0
  m_CorrespondingSourceObject: {fileID: 0}
  m_PrefabInstance: {fileID: 0}
  m_PrefabAsset: {fileID: 0}
  m_GameObject: {fileID: 2947800494956750892}
  m_LocalRotation: {x: 0, y: 0, z: 0, w: 1}
  m_LocalPosition: {x: 429.92404, y: 1.4781079, z: 210.4944}
  m_LocalScale: {x: 1, y: 1, z: 1}
  m_Children:
  - {fileID: 5041222766246883970}
  - {fileID: 7775039617187600950}
  m_Father: {fileID: 0}
  m_RootOrder: 0
  m_LocalEulerAnglesHint: {x: 0, y: 0, z: 0}
--- !u!33 &7199267377715339273
MeshFilter:
  m_ObjectHideFlags: 0
  m_CorrespondingSourceObject: {fileID: 0}
  m_PrefabInstance: {fileID: 0}
  m_PrefabAsset: {fileID: 0}
  m_GameObject: {fileID: 2947800494956750892}
  m_Mesh: {fileID: -2207450288060695448, guid: 405651b57a8ef2c4283c0fe548764d9f, type: 3}
--- !u!23 &3518550330521165040
MeshRenderer:
  m_ObjectHideFlags: 0
  m_CorrespondingSourceObject: {fileID: 0}
  m_PrefabInstance: {fileID: 0}
  m_PrefabAsset: {fileID: 0}
  m_GameObject: {fileID: 2947800494956750892}
  m_Enabled: 1
  m_CastShadows: 1
  m_ReceiveShadows: 1
  m_DynamicOccludee: 1
  m_MotionVectors: 1
  m_LightProbeUsage: 1
  m_ReflectionProbeUsage: 1
  m_RenderingLayerMask: 1
  m_RendererPriority: 0
  m_Materials:
  - {fileID: 2100000, guid: ec6c1932e7c7af44ead4de134f88eef5, type: 2}
  m_StaticBatchInfo:
    firstSubMesh: 0
    subMeshCount: 0
  m_StaticBatchRoot: {fileID: 0}
  m_ProbeAnchor: {fileID: 0}
  m_LightProbeVolumeOverride: {fileID: 0}
  m_ScaleInLightmap: 1
  m_ReceiveGI: 1
  m_PreserveUVs: 0
  m_IgnoreNormalsForChartDetection: 0
  m_ImportantGI: 0
  m_StitchLightmapSeams: 1
  m_SelectedEditorRenderState: 3
  m_MinimumChartSize: 4
  m_AutoUVMaxDistance: 0.5
  m_AutoUVMaxAngle: 89
  m_LightmapParameters: {fileID: 0}
  m_SortingLayerID: 0
  m_SortingLayer: 0
  m_SortingOrder: 0
--- !u!65 &6613920851195418762
BoxCollider:
  m_ObjectHideFlags: 0
  m_CorrespondingSourceObject: {fileID: 0}
  m_PrefabInstance: {fileID: 0}
  m_PrefabAsset: {fileID: 0}
  m_GameObject: {fileID: 2947800494956750892}
  m_Material: {fileID: 0}
  m_IsTrigger: 0
  m_Enabled: 1
  serializedVersion: 2
  m_Size: {x: 0.9502107, y: 0.54150426, z: 0.68144864}
  m_Center: {x: 0, y: 0.27671546, z: 0}
--- !u!114 &7444107748924197775
MonoBehaviour:
  m_ObjectHideFlags: 0
  m_CorrespondingSourceObject: {fileID: 0}
  m_PrefabInstance: {fileID: 0}
  m_PrefabAsset: {fileID: 0}
  m_GameObject: {fileID: 2947800494956750892}
  m_Enabled: 1
  m_EditorHideFlags: 0
  m_Script: {fileID: 11500000, guid: 5d6b037eacced534c86399a060883427, type: 3}
  m_Name: 
  m_EditorClassIdentifier: 
  type: 0
--- !u!114 &6938979075629287374
MonoBehaviour:
  m_ObjectHideFlags: 0
  m_CorrespondingSourceObject: {fileID: 0}
  m_PrefabInstance: {fileID: 0}
  m_PrefabAsset: {fileID: 0}
  m_GameObject: {fileID: 2947800494956750892}
  m_Enabled: 1
  m_EditorHideFlags: 0
  m_Script: {fileID: 11500000, guid: f94b1aa5f2f0770418a5428de278b7d0, type: 3}
  m_Name: 
  m_EditorClassIdentifier: 
  life: 1
  receivedHit:
    m_PersistentCalls:
      m_Calls: []
    m_TypeName: UnityEngine.Events.UnityEvent, UnityEngine.CoreModule, Version=0.0.0.0,
      Culture=neutral, PublicKeyToken=null
  onDestroy:
    m_PersistentCalls:
      m_Calls:
      - m_Target: {fileID: 6754595210285066277}
        m_MethodName: SetActive
        m_Mode: 6
        m_Arguments:
          m_ObjectArgument: {fileID: 0}
          m_ObjectArgumentAssemblyTypeName: UnityEngine.Object, UnityEngine
          m_IntArgument: 0
          m_FloatArgument: 0
          m_StringArgument: 
          m_BoolArgument: 1
        m_CallState: 2
      - m_Target: {fileID: 7775039617187600950}
        m_MethodName: DetachChildren
        m_Mode: 1
        m_Arguments:
          m_ObjectArgument: {fileID: 0}
          m_ObjectArgumentAssemblyTypeName: UnityEngine.Object, UnityEngine
          m_IntArgument: 0
          m_FloatArgument: 0
          m_StringArgument: 
          m_BoolArgument: 0
        m_CallState: 2
      - m_Target: {fileID: 2947800494956750892}
        m_MethodName: SetActive
        m_Mode: 6
        m_Arguments:
          m_ObjectArgument: {fileID: 0}
          m_ObjectArgumentAssemblyTypeName: UnityEngine.Object, UnityEngine
          m_IntArgument: 0
          m_FloatArgument: 0
          m_StringArgument: 
          m_BoolArgument: 0
        m_CallState: 2
    m_TypeName: UnityEngine.Events.UnityEvent, UnityEngine.CoreModule, Version=0.0.0.0,
      Culture=neutral, PublicKeyToken=null
--- !u!1 &4625850222603646463
GameObject:
  m_ObjectHideFlags: 0
  m_CorrespondingSourceObject: {fileID: 0}
  m_PrefabInstance: {fileID: 0}
  m_PrefabAsset: {fileID: 0}
  serializedVersion: 6
  m_Component:
  - component: {fileID: 5041222766246883970}
  - component: {fileID: 2680537109293742936}
  m_Layer: 0
  m_Name: DecalHunters
  m_TagString: Untagged
  m_Icon: {fileID: 0}
  m_NavMeshLayer: 0
  m_StaticEditorFlags: 0
  m_IsActive: 1
--- !u!4 &5041222766246883970
Transform:
  m_ObjectHideFlags: 0
  m_CorrespondingSourceObject: {fileID: 0}
  m_PrefabInstance: {fileID: 0}
  m_PrefabAsset: {fileID: 0}
  m_GameObject: {fileID: 4625850222603646463}
  m_LocalRotation: {x: -0.0064035645, y: 0.7070778, z: -0.7070778, w: -0.0064035645}
  m_LocalPosition: {x: -0.010040283, y: 0.85089207, z: -0.00340271}
  m_LocalScale: {x: 1, y: 1, z: 1}
  m_Children: []
  m_Father: {fileID: 2212368262070065727}
  m_RootOrder: 0
  m_LocalEulerAnglesHint: {x: 90.00001, y: 0, z: -181.038}
--- !u!119 &2680537109293742936
Projector:
  m_ObjectHideFlags: 0
  m_CorrespondingSourceObject: {fileID: 0}
  m_PrefabInstance: {fileID: 0}
  m_PrefabAsset: {fileID: 0}
  m_GameObject: {fileID: 4625850222603646463}
  m_Enabled: 1
  serializedVersion: 2
  m_NearClipPlane: 0.01
  m_FarClipPlane: 0.5
  m_FieldOfView: 71.5
  m_AspectRatio: 1.26
  m_Orthographic: 0
  m_OrthographicSize: 0.9
  m_Material: {fileID: 2100000, guid: 822766c9f2eadff4c9ac5a8aebeca57d, type: 2}
  m_IgnoreLayers:
    serializedVersion: 2
    m_Bits: 1028
--- !u!1001 &2563340243758012928
PrefabInstance:
  m_ObjectHideFlags: 0
  serializedVersion: 2
  m_Modification:
    m_TransformParent: {fileID: 2212368262070065727}
    m_Modifications:
    - target: {fileID: 9092755349914546725, guid: c8703754f8fa2ea4ca9154c6a3f640aa,
        type: 3}
      propertyPath: m_Name
      value: CaixaQuebrada_Prefab
      objectReference: {fileID: 0}
    - target: {fileID: 9092755349914546725, guid: c8703754f8fa2ea4ca9154c6a3f640aa,
        type: 3}
      propertyPath: m_IsActive
      value: 0
      objectReference: {fileID: 0}
    - target: {fileID: 9092755349914546725, guid: c8703754f8fa2ea4ca9154c6a3f640aa,
        type: 3}
      propertyPath: m_Layer
      value: 2
      objectReference: {fileID: 0}
    - target: {fileID: 5220988119421452342, guid: c8703754f8fa2ea4ca9154c6a3f640aa,
        type: 3}
      propertyPath: m_LocalPosition.x
      value: 0
      objectReference: {fileID: 0}
    - target: {fileID: 5220988119421452342, guid: c8703754f8fa2ea4ca9154c6a3f640aa,
        type: 3}
      propertyPath: m_LocalPosition.y
      value: 0
      objectReference: {fileID: 0}
    - target: {fileID: 5220988119421452342, guid: c8703754f8fa2ea4ca9154c6a3f640aa,
        type: 3}
      propertyPath: m_LocalPosition.z
      value: 0
      objectReference: {fileID: 0}
    - target: {fileID: 5220988119421452342, guid: c8703754f8fa2ea4ca9154c6a3f640aa,
        type: 3}
      propertyPath: m_LocalRotation.x
      value: 0
      objectReference: {fileID: 0}
    - target: {fileID: 5220988119421452342, guid: c8703754f8fa2ea4ca9154c6a3f640aa,
        type: 3}
      propertyPath: m_LocalRotation.y
      value: -0
      objectReference: {fileID: 0}
    - target: {fileID: 5220988119421452342, guid: c8703754f8fa2ea4ca9154c6a3f640aa,
        type: 3}
      propertyPath: m_LocalRotation.z
      value: -0
      objectReference: {fileID: 0}
    - target: {fileID: 5220988119421452342, guid: c8703754f8fa2ea4ca9154c6a3f640aa,
        type: 3}
      propertyPath: m_LocalRotation.w
      value: 1
      objectReference: {fileID: 0}
    - target: {fileID: 5220988119421452342, guid: c8703754f8fa2ea4ca9154c6a3f640aa,
        type: 3}
      propertyPath: m_RootOrder
      value: 1
      objectReference: {fileID: 0}
    - target: {fileID: 5220988119421452342, guid: c8703754f8fa2ea4ca9154c6a3f640aa,
        type: 3}
      propertyPath: m_LocalEulerAnglesHint.x
      value: 0
      objectReference: {fileID: 0}
    - target: {fileID: 5220988119421452342, guid: c8703754f8fa2ea4ca9154c6a3f640aa,
        type: 3}
      propertyPath: m_LocalEulerAnglesHint.y
      value: 0
      objectReference: {fileID: 0}
    - target: {fileID: 5220988119421452342, guid: c8703754f8fa2ea4ca9154c6a3f640aa,
        type: 3}
      propertyPath: m_LocalEulerAnglesHint.z
      value: 0
      objectReference: {fileID: 0}
    - target: {fileID: 2572201925047390876, guid: c8703754f8fa2ea4ca9154c6a3f640aa,
        type: 3}
      propertyPath: m_Layer
      value: 2
      objectReference: {fileID: 0}
    - target: {fileID: 3186565595726268260, guid: c8703754f8fa2ea4ca9154c6a3f640aa,
        type: 3}
      propertyPath: m_Layer
      value: 2
      objectReference: {fileID: 0}
    - target: {fileID: 3193700209032723297, guid: c8703754f8fa2ea4ca9154c6a3f640aa,
        type: 3}
      propertyPath: m_Layer
      value: 2
      objectReference: {fileID: 0}
    - target: {fileID: 3615632153288241182, guid: c8703754f8fa2ea4ca9154c6a3f640aa,
        type: 3}
      propertyPath: m_Layer
      value: 2
      objectReference: {fileID: 0}
    - target: {fileID: 1266698242132067796, guid: c8703754f8fa2ea4ca9154c6a3f640aa,
        type: 3}
      propertyPath: m_Layer
      value: 2
      objectReference: {fileID: 0}
    - target: {fileID: 2193652840634453098, guid: c8703754f8fa2ea4ca9154c6a3f640aa,
        type: 3}
      propertyPath: m_Layer
      value: 2
      objectReference: {fileID: 0}
    - target: {fileID: 1839049683333158834, guid: c8703754f8fa2ea4ca9154c6a3f640aa,
        type: 3}
      propertyPath: m_Layer
      value: 2
      objectReference: {fileID: 0}
    - target: {fileID: 1947921290340227202, guid: c8703754f8fa2ea4ca9154c6a3f640aa,
        type: 3}
      propertyPath: m_Layer
      value: 2
      objectReference: {fileID: 0}
    - target: {fileID: 8021122637540392645, guid: c8703754f8fa2ea4ca9154c6a3f640aa,
        type: 3}
      propertyPath: m_Layer
      value: 2
      objectReference: {fileID: 0}
    - target: {fileID: 8094814628658604563, guid: c8703754f8fa2ea4ca9154c6a3f640aa,
        type: 3}
      propertyPath: m_Layer
      value: 2
      objectReference: {fileID: 0}
    - target: {fileID: 4971057071825829175, guid: c8703754f8fa2ea4ca9154c6a3f640aa,
        type: 3}
      propertyPath: m_Layer
      value: 2
      objectReference: {fileID: 0}
    - target: {fileID: 5340345651618574909, guid: c8703754f8fa2ea4ca9154c6a3f640aa,
        type: 3}
      propertyPath: m_Layer
      value: 2
      objectReference: {fileID: 0}
    - target: {fileID: 5341734130962225443, guid: c8703754f8fa2ea4ca9154c6a3f640aa,
        type: 3}
      propertyPath: m_Layer
      value: 2
      objectReference: {fileID: 0}
    - target: {fileID: 5970036065661961567, guid: c8703754f8fa2ea4ca9154c6a3f640aa,
        type: 3}
      propertyPath: m_Layer
      value: 2
      objectReference: {fileID: 0}
    m_RemovedComponents: []
  m_SourcePrefab: {fileID: 100100000, guid: c8703754f8fa2ea4ca9154c6a3f640aa, type: 3}
--- !u!1 &6754595210285066277 stripped
GameObject:
  m_CorrespondingSourceObject: {fileID: 9092755349914546725, guid: c8703754f8fa2ea4ca9154c6a3f640aa,
    type: 3}
  m_PrefabInstance: {fileID: 2563340243758012928}
  m_PrefabAsset: {fileID: 0}
--- !u!4 &7775039617187600950 stripped
Transform:
  m_CorrespondingSourceObject: {fileID: 5220988119421452342, guid: c8703754f8fa2ea4ca9154c6a3f640aa,
    type: 3}
  m_PrefabInstance: {fileID: 2563340243758012928}
  m_PrefabAsset: {fileID: 0}
