%YAML 1.1
%TAG !u! tag:unity3d.com,2011:
--- !u!1 &8553789753675921254
GameObject:
  m_ObjectHideFlags: 0
  m_CorrespondingSourceObject: {fileID: 0}
  m_PrefabInstance: {fileID: 0}
  m_PrefabAsset: {fileID: 0}
  serializedVersion: 6
  m_Component:
  - component: {fileID: 8553789753675921255}
  - component: {fileID: 8553789753675921248}
  m_Layer: 0
  m_Name: Point Light (1)
  m_TagString: Untagged
  m_Icon: {fileID: 0}
  m_NavMeshLayer: 0
  m_StaticEditorFlags: 0
  m_IsActive: 1
--- !u!4 &8553789753675921255
Transform:
  m_ObjectHideFlags: 0
  m_CorrespondingSourceObject: {fileID: 0}
  m_PrefabInstance: {fileID: 0}
  m_PrefabAsset: {fileID: 0}
  m_GameObject: {fileID: 8553789753675921254}
  m_LocalRotation: {x: -0, y: -0, z: -0, w: 1}
  m_LocalPosition: {x: -0.48599243, y: 1.7719994, z: 0.09698486}
  m_LocalScale: {x: 1, y: 1, z: 1}
  m_Children: []
  m_Father: {fileID: 8553789753912569439}
  m_RootOrder: 1
  m_LocalEulerAnglesHint: {x: 0, y: 0, z: 0}
--- !u!108 &8553789753675921248
Light:
  m_ObjectHideFlags: 0
  m_CorrespondingSourceObject: {fileID: 0}
  m_PrefabInstance: {fileID: 0}
  m_PrefabAsset: {fileID: 0}
  m_GameObject: {fileID: 8553789753675921254}
  m_Enabled: 1
  serializedVersion: 9
  m_Type: 2
  m_Color: {r: 0, g: 1, b: 0.9367821, a: 1}
  m_Intensity: 5.44
  m_Range: 3.99
  m_SpotAngle: 30
  m_InnerSpotAngle: 21.80208
  m_CookieSize: 10
  m_Shadows:
    m_Type: 2
    m_Resolution: -1
    m_CustomResolution: -1
    m_Strength: 1
    m_Bias: 0.02
    m_NormalBias: 0.1
    m_NearPlane: 0.1
    m_CullingMatrixOverride:
      e00: 1
      e01: 0
      e02: 0
      e03: 0
      e10: 0
      e11: 1
      e12: 0
      e13: 0
      e20: 0
      e21: 0
      e22: 1
      e23: 0
      e30: 0
      e31: 0
      e32: 0
      e33: 1
    m_UseCullingMatrixOverride: 0
  m_Cookie: {fileID: 0}
  m_DrawHalo: 0
  m_Flare: {fileID: 0}
  m_RenderMode: 0
  m_CullingMask:
    serializedVersion: 2
    m_Bits: 2048
  m_RenderingLayerMask: 1
  m_Lightmapping: 1
  m_LightShadowCasterMode: 0
  m_AreaSize: {x: 1, y: 1}
  m_BounceIntensity: 1
  m_ColorTemperature: 6570
  m_UseColorTemperature: 0
  m_BoundingSphereOverride: {x: 0, y: 0, z: 0, w: 0}
  m_UseBoundingSphereOverride: 0
  m_ShadowRadius: 0
  m_ShadowAngle: 0
--- !u!1 &8553789753875394932
GameObject:
  m_ObjectHideFlags: 0
  m_CorrespondingSourceObject: {fileID: 0}
  m_PrefabInstance: {fileID: 0}
  m_PrefabAsset: {fileID: 0}
  serializedVersion: 6
  m_Component:
  - component: {fileID: 8553789753875394933}
  - component: {fileID: 8553789753875394928}
  - component: {fileID: 8553789753875394935}
  - component: {fileID: 8553789753875394934}
  m_Layer: 0
  m_Name: cm
  m_TagString: Untagged
  m_Icon: {fileID: 0}
  m_NavMeshLayer: 0
  m_StaticEditorFlags: 0
  m_IsActive: 1
--- !u!4 &8553789753875394933
Transform:
  m_ObjectHideFlags: 0
  m_CorrespondingSourceObject: {fileID: 0}
  m_PrefabInstance: {fileID: 0}
  m_PrefabAsset: {fileID: 0}
  m_GameObject: {fileID: 8553789753875394932}
  m_LocalRotation: {x: -0, y: -0, z: -0, w: 1}
  m_LocalPosition: {x: -461.26074, y: -30.004332, z: -548.0506}
  m_LocalScale: {x: 1, y: 1, z: 1}
  m_Children: []
  m_Father: {fileID: 8553789754188264613}
  m_RootOrder: 0
  m_LocalEulerAnglesHint: {x: 0, y: 0, z: 0}
--- !u!114 &8553789753875394928
MonoBehaviour:
  m_ObjectHideFlags: 0
  m_CorrespondingSourceObject: {fileID: 0}
  m_PrefabInstance: {fileID: 0}
  m_PrefabAsset: {fileID: 0}
  m_GameObject: {fileID: 8553789753875394932}
  m_Enabled: 1
  m_EditorHideFlags: 0
  m_Script: {fileID: 11500000, guid: ac0b09e7857660247b1477e93731de29, type: 3}
  m_Name: 
  m_EditorClassIdentifier: 
--- !u!114 &8553789753875394935
MonoBehaviour:
  m_ObjectHideFlags: 0
  m_CorrespondingSourceObject: {fileID: 0}
  m_PrefabInstance: {fileID: 0}
  m_PrefabAsset: {fileID: 0}
  m_GameObject: {fileID: 8553789753875394932}
  m_Enabled: 1
  m_EditorHideFlags: 0
  m_Script: {fileID: 11500000, guid: f4044717213e31446939f7bd49c896ea, type: 3}
  m_Name: 
  m_EditorClassIdentifier: 
  m_TrackedObjectOffset: {x: 0, y: 0, z: 0}
  m_LookaheadTime: 0
  m_LookaheadSmoothing: 10
  m_LookaheadIgnoreY: 0
  m_HorizontalDamping: 0.5
  m_VerticalDamping: 0.5
  m_ScreenX: 0.5
  m_ScreenY: 0.5
  m_DeadZoneWidth: 0
  m_DeadZoneHeight: 0
  m_SoftZoneWidth: 0.8
  m_SoftZoneHeight: 0.8
  m_BiasX: 0
  m_BiasY: 0
  m_CenterOnActivate: 1
--- !u!114 &8553789753875394934
MonoBehaviour:
  m_ObjectHideFlags: 0
  m_CorrespondingSourceObject: {fileID: 0}
  m_PrefabInstance: {fileID: 0}
  m_PrefabAsset: {fileID: 0}
  m_GameObject: {fileID: 8553789753875394932}
  m_Enabled: 1
  m_EditorHideFlags: 0
  m_Script: {fileID: 11500000, guid: fa7155796051b734daa718462081dc5f, type: 3}
  m_Name: 
  m_EditorClassIdentifier: 
  m_BindingMode: 1
  m_FollowOffset: {x: 0, y: 0, z: -10}
  m_XDamping: 1
  m_YDamping: 1
  m_ZDamping: 1
  m_AngularDampingMode: 0
  m_PitchDamping: 0
  m_YawDamping: 0
  m_RollDamping: 0
  m_AngularDamping: 0
--- !u!1 &8553789753912569438
GameObject:
  m_ObjectHideFlags: 0
  m_CorrespondingSourceObject: {fileID: 0}
  m_PrefabInstance: {fileID: 0}
  m_PrefabAsset: {fileID: 0}
  serializedVersion: 6
  m_Component:
  - component: {fileID: 8553789753912569439}
  m_Layer: 0
  m_Name: lights
  m_TagString: Untagged
  m_Icon: {fileID: 0}
  m_NavMeshLayer: 0
  m_StaticEditorFlags: 0
  m_IsActive: 0
--- !u!4 &8553789753912569439
Transform:
  m_ObjectHideFlags: 0
  m_CorrespondingSourceObject: {fileID: 0}
  m_PrefabInstance: {fileID: 0}
  m_PrefabAsset: {fileID: 0}
  m_GameObject: {fileID: 8553789753912569438}
  m_LocalRotation: {x: 0, y: 0, z: 0, w: 1}
  m_LocalPosition: {x: 0, y: 0, z: 0}
  m_LocalScale: {x: 1, y: 1, z: 1}
  m_Children:
  - {fileID: 8553789755240199670}
  - {fileID: 8553789753675921255}
  m_Father: {fileID: 8553789755261488315}
  m_RootOrder: 3
  m_LocalEulerAnglesHint: {x: 0, y: 0, z: 0}
--- !u!1 &8553789754188264603
GameObject:
  m_ObjectHideFlags: 0
  m_CorrespondingSourceObject: {fileID: 0}
  m_PrefabInstance: {fileID: 0}
  m_PrefabAsset: {fileID: 0}
  serializedVersion: 6
  m_Component:
  - component: {fileID: 8553789754188264613}
  - component: {fileID: 8553789754188264612}
  m_Layer: 0
  m_Name: CM vcam1
  m_TagString: Untagged
  m_Icon: {fileID: 0}
  m_NavMeshLayer: 0
  m_StaticEditorFlags: 0
  m_IsActive: 0
--- !u!4 &8553789754188264613
Transform:
  m_ObjectHideFlags: 0
  m_CorrespondingSourceObject: {fileID: 0}
  m_PrefabInstance: {fileID: 0}
  m_PrefabAsset: {fileID: 0}
  m_GameObject: {fileID: 8553789754188264603}
  m_LocalRotation: {x: 0.037945986, y: -0.7948301, z: 0.04948266, w: 0.60361975}
  m_LocalPosition: {x: 1.0475769, y: 1.6281471, z: 0.17095947}
  m_LocalScale: {x: 1, y: 1, z: 1}
  m_Children:
  - {fileID: 8553789753875394933}
  m_Father: {fileID: 8553789755261488315}
  m_RootOrder: 0
  m_LocalEulerAnglesHint: {x: 0, y: 0, z: 0}
--- !u!114 &8553789754188264612
MonoBehaviour:
  m_ObjectHideFlags: 0
  m_CorrespondingSourceObject: {fileID: 0}
  m_PrefabInstance: {fileID: 0}
  m_PrefabAsset: {fileID: 0}
  m_GameObject: {fileID: 8553789754188264603}
  m_Enabled: 1
  m_EditorHideFlags: 0
  m_Script: {fileID: 11500000, guid: 45e653bab7fb20e499bda25e1b646fea, type: 3}
  m_Name: 
  m_EditorClassIdentifier: 
  m_ExcludedPropertiesInInspector:
  - m_Script
  m_LockStageInInspector: 
  m_StreamingVersion: 20170927
  m_Priority: 10
  m_StandbyUpdate: 2
  m_LookAt: {fileID: 0}
  m_Follow: {fileID: 0}
  m_Lens:
    FieldOfView: 40
    OrthographicSize: 10
    NearClipPlane: 0.1
    FarClipPlane: 5000
    Dutch: 0
    LensShift: {x: 0, y: 0}
  m_Transitions:
    m_BlendHint: 0
    m_InheritPosition: 0
    m_OnCameraLive:
      m_PersistentCalls:
        m_Calls: []
      m_TypeName: Cinemachine.CinemachineBrain+VcamActivatedEvent, Cinemachine, Version=0.0.0.0,
        Culture=neutral, PublicKeyToken=null
  m_LegacyBlendHint: 0
  m_ComponentOwner: {fileID: 8553789753875394933}
--- !u!1 &8553789755240199669
GameObject:
  m_ObjectHideFlags: 0
  m_CorrespondingSourceObject: {fileID: 0}
  m_PrefabInstance: {fileID: 0}
  m_PrefabAsset: {fileID: 0}
  serializedVersion: 6
  m_Component:
  - component: {fileID: 8553789755240199670}
  - component: {fileID: 8553789755240199671}
  m_Layer: 0
  m_Name: Point Light
  m_TagString: Untagged
  m_Icon: {fileID: 0}
  m_NavMeshLayer: 0
  m_StaticEditorFlags: 0
  m_IsActive: 1
--- !u!4 &8553789755240199670
Transform:
  m_ObjectHideFlags: 0
  m_CorrespondingSourceObject: {fileID: 0}
  m_PrefabInstance: {fileID: 0}
  m_PrefabAsset: {fileID: 0}
  m_GameObject: {fileID: 8553789755240199669}
  m_LocalRotation: {x: -0, y: -0, z: -0, w: 1}
  m_LocalPosition: {x: 0.41000366, y: 1.7719994, z: 0}
  m_LocalScale: {x: 1, y: 1, z: 1}
  m_Children: []
  m_Father: {fileID: 8553789753912569439}
  m_RootOrder: 0
  m_LocalEulerAnglesHint: {x: 0, y: 0, z: 0}
--- !u!108 &8553789755240199671
Light:
  m_ObjectHideFlags: 0
  m_CorrespondingSourceObject: {fileID: 0}
  m_PrefabInstance: {fileID: 0}
  m_PrefabAsset: {fileID: 0}
  m_GameObject: {fileID: 8553789755240199669}
  m_Enabled: 1
  serializedVersion: 9
  m_Type: 2
  m_Color: {r: 1, g: 0.95686275, b: 0.8392157, a: 1}
  m_Intensity: 2.67
  m_Range: 2.1
  m_SpotAngle: 30
  m_InnerSpotAngle: 21.80208
  m_CookieSize: 10
  m_Shadows:
    m_Type: 2
    m_Resolution: -1
    m_CustomResolution: -1
    m_Strength: 1
    m_Bias: 0.02
    m_NormalBias: 0.1
    m_NearPlane: 0.1
    m_CullingMatrixOverride:
      e00: 1
      e01: 0
      e02: 0
      e03: 0
      e10: 0
      e11: 1
      e12: 0
      e13: 0
      e20: 0
      e21: 0
      e22: 1
      e23: 0
      e30: 0
      e31: 0
      e32: 0
      e33: 1
    m_UseCullingMatrixOverride: 0
  m_Cookie: {fileID: 0}
  m_DrawHalo: 0
  m_Flare: {fileID: 0}
  m_RenderMode: 0
  m_CullingMask:
    serializedVersion: 2
    m_Bits: 2048
  m_RenderingLayerMask: 1
  m_Lightmapping: 1
  m_LightShadowCasterMode: 0
  m_AreaSize: {x: 1, y: 1}
  m_BounceIntensity: 1
  m_ColorTemperature: 6570
  m_UseColorTemperature: 0
  m_BoundingSphereOverride: {x: 0, y: 0, z: 0, w: 0}
  m_UseBoundingSphereOverride: 0
  m_ShadowRadius: 0
  m_ShadowAngle: 0
--- !u!1 &8553789755249292738
GameObject:
  m_ObjectHideFlags: 0
  m_CorrespondingSourceObject: {fileID: 0}
  m_PrefabInstance: {fileID: 0}
  m_PrefabAsset: {fileID: 0}
  serializedVersion: 6
  m_Component:
  - component: {fileID: 8553789755249292739}
  - component: {fileID: 8553789755249292748}
  m_Layer: 0
  m_Name: NextLevel
  m_TagString: Untagged
  m_Icon: {fileID: 0}
  m_NavMeshLayer: 0
  m_StaticEditorFlags: 0
  m_IsActive: 1
--- !u!4 &8553789755249292739
Transform:
  m_ObjectHideFlags: 0
  m_CorrespondingSourceObject: {fileID: 0}
  m_PrefabInstance: {fileID: 0}
  m_PrefabAsset: {fileID: 0}
  m_GameObject: {fileID: 8553789755249292738}
  m_LocalRotation: {x: 0, y: 0, z: 0, w: 1}
  m_LocalPosition: {x: 0, y: 0, z: 0}
  m_LocalScale: {x: 1, y: 1, z: 1}
  m_Children: []
  m_Father: {fileID: 8553789755261488315}
  m_RootOrder: 4
  m_LocalEulerAnglesHint: {x: 0, y: 0, z: 0}
--- !u!114 &8553789755249292748
MonoBehaviour:
  m_ObjectHideFlags: 0
  m_CorrespondingSourceObject: {fileID: 0}
  m_PrefabInstance: {fileID: 0}
  m_PrefabAsset: {fileID: 0}
  m_GameObject: {fileID: 8553789755249292738}
  m_Enabled: 1
  m_EditorHideFlags: 0
  m_Script: {fileID: 11500000, guid: 815c065f353897c49957a2ed93d8bf9c, type: 3}
  m_Name: 
  m_EditorClassIdentifier: 
  levelName: Cidade v2
--- !u!1 &8553789755257779897
GameObject:
  m_ObjectHideFlags: 0
  m_CorrespondingSourceObject: {fileID: 0}
  m_PrefabInstance: {fileID: 0}
  m_PrefabAsset: {fileID: 0}
  serializedVersion: 6
  m_Component:
  - component: {fileID: 8553789755257779898}
  - component: {fileID: 8553789755257779899}
  m_Layer: 11
  m_Name: nextlevel
  m_TagString: Untagged
  m_Icon: {fileID: 0}
  m_NavMeshLayer: 0
  m_StaticEditorFlags: 0
  m_IsActive: 1
--- !u!4 &8553789755257779898
Transform:
  m_ObjectHideFlags: 0
  m_CorrespondingSourceObject: {fileID: 0}
  m_PrefabInstance: {fileID: 0}
  m_PrefabAsset: {fileID: 0}
  m_GameObject: {fileID: 8553789755257779897}
  m_LocalRotation: {x: 0, y: 0, z: 0, w: 1}
  m_LocalPosition: {x: 0, y: 0, z: 0}
  m_LocalScale: {x: 1, y: 1, z: 1}
  m_Children: []
  m_Father: {fileID: 3733377133234651850}
  m_RootOrder: 2
  m_LocalEulerAnglesHint: {x: 0, y: 0, z: 0}
--- !u!114 &8553789755257779899
MonoBehaviour:
  m_ObjectHideFlags: 0
  m_CorrespondingSourceObject: {fileID: 0}
  m_PrefabInstance: {fileID: 0}
  m_PrefabAsset: {fileID: 0}
  m_GameObject: {fileID: 8553789755257779897}
  m_Enabled: 1
  m_EditorHideFlags: 0
  m_Script: {fileID: 11500000, guid: 815c065f353897c49957a2ed93d8bf9c, type: 3}
  m_Name: 
  m_EditorClassIdentifier: 
  levelName: Cidade v2
--- !u!1 &8553789755261488314
GameObject:
  m_ObjectHideFlags: 0
  m_CorrespondingSourceObject: {fileID: 0}
  m_PrefabInstance: {fileID: 0}
  m_PrefabAsset: {fileID: 0}
  serializedVersion: 6
  m_Component:
  - component: {fileID: 8553789755261488315}
  m_Layer: 0
  m_Name: NPC_Bulwer
  m_TagString: Untagged
  m_Icon: {fileID: 0}
  m_NavMeshLayer: 0
  m_StaticEditorFlags: 0
  m_IsActive: 1
--- !u!4 &8553789755261488315
Transform:
  m_ObjectHideFlags: 0
  m_CorrespondingSourceObject: {fileID: 0}
  m_PrefabInstance: {fileID: 0}
  m_PrefabAsset: {fileID: 0}
  m_GameObject: {fileID: 8553789755261488314}
  m_LocalRotation: {x: 0, y: 0, z: 0, w: 1}
  m_LocalPosition: {x: 461.26074, y: 30.004332, z: 548.0506}
  m_LocalScale: {x: 1, y: 1, z: 1}
  m_Children:
  - {fileID: 8553789754188264613}
  - {fileID: 9072016652282557876}
  - {fileID: 3733377133234651850}
  - {fileID: 8553789753912569439}
  - {fileID: 8553789755249292739}
  m_Father: {fileID: 0}
  m_RootOrder: 0
  m_LocalEulerAnglesHint: {x: 0, y: 0, z: 0}
--- !u!114 &8553789755285373227
MonoBehaviour:
  m_ObjectHideFlags: 0
  m_CorrespondingSourceObject: {fileID: 0}
  m_PrefabInstance: {fileID: 0}
  m_PrefabAsset: {fileID: 0}
  m_GameObject: {fileID: 9072016652282557877}
  m_Enabled: 1
  m_EditorHideFlags: 0
  m_Script: {fileID: 11500000, guid: 5bcc375056be551468f8e0fbe2d186f3, type: 3}
  m_Name: 
  m_EditorClassIdentifier: 
  EndTalkEvent:
    m_PersistentCalls:
      m_Calls:
      - m_Target: {fileID: 8553789755249292748}
        m_MethodName: GoToScene
        m_Mode: 1
        m_Arguments:
          m_ObjectArgument: {fileID: 0}
          m_ObjectArgumentAssemblyTypeName: UnityEngine.Object, UnityEngine
          m_IntArgument: 0
          m_FloatArgument: 0
          m_StringArgument: 
          m_BoolArgument: 0
        m_CallState: 2
    m_TypeName: UnityEngine.Events.UnityEvent, UnityEngine.CoreModule, Version=0.0.0.0,
      Culture=neutral, PublicKeyToken=null
  EndTalkEvent2:
    m_PersistentCalls:
      m_Calls: []
    m_TypeName: UnityEngine.Events.UnityEvent, UnityEngine.CoreModule, Version=0.0.0.0,
      Culture=neutral, PublicKeyToken=null
  EndTalkEvent3:
    m_PersistentCalls:
      m_Calls: []
    m_TypeName: UnityEngine.Events.UnityEvent, UnityEngine.CoreModule, Version=0.0.0.0,
      Culture=neutral, PublicKeyToken=null
  isOutSide: 1
--- !u!1001 &8553789755251010262
PrefabInstance:
  m_ObjectHideFlags: 0
  serializedVersion: 2
  m_Modification:
    m_TransformParent: {fileID: 8553789755261488315}
    m_Modifications:
    - target: {fileID: 816116225269981027, guid: 084e0be0c7cc06548b8dff3dbe7c72fa,
        type: 3}
      propertyPath: m_Name
      value: Trigger_Bulwer
      objectReference: {fileID: 0}
    - target: {fileID: 816116225269981026, guid: 084e0be0c7cc06548b8dff3dbe7c72fa,
        type: 3}
      propertyPath: m_LocalPosition.x
      value: 0.09182739
      objectReference: {fileID: 0}
    - target: {fileID: 816116225269981026, guid: 084e0be0c7cc06548b8dff3dbe7c72fa,
        type: 3}
      propertyPath: m_LocalPosition.y
      value: -0.009824753
      objectReference: {fileID: 0}
    - target: {fileID: 816116225269981026, guid: 084e0be0c7cc06548b8dff3dbe7c72fa,
        type: 3}
      propertyPath: m_LocalPosition.z
      value: 0.0037231445
      objectReference: {fileID: 0}
    - target: {fileID: 816116225269981026, guid: 084e0be0c7cc06548b8dff3dbe7c72fa,
        type: 3}
      propertyPath: m_LocalRotation.x
      value: -0
      objectReference: {fileID: 0}
    - target: {fileID: 816116225269981026, guid: 084e0be0c7cc06548b8dff3dbe7c72fa,
        type: 3}
      propertyPath: m_LocalRotation.y
      value: -0
      objectReference: {fileID: 0}
    - target: {fileID: 816116225269981026, guid: 084e0be0c7cc06548b8dff3dbe7c72fa,
        type: 3}
      propertyPath: m_LocalRotation.z
      value: -0
      objectReference: {fileID: 0}
    - target: {fileID: 816116225269981026, guid: 084e0be0c7cc06548b8dff3dbe7c72fa,
        type: 3}
      propertyPath: m_LocalRotation.w
      value: 1
      objectReference: {fileID: 0}
    - target: {fileID: 816116225269981026, guid: 084e0be0c7cc06548b8dff3dbe7c72fa,
        type: 3}
      propertyPath: m_RootOrder
      value: 1
      objectReference: {fileID: 0}
    - target: {fileID: 816116225269981026, guid: 084e0be0c7cc06548b8dff3dbe7c72fa,
        type: 3}
      propertyPath: m_LocalEulerAnglesHint.x
      value: 0
      objectReference: {fileID: 0}
    - target: {fileID: 816116225269981026, guid: 084e0be0c7cc06548b8dff3dbe7c72fa,
        type: 3}
      propertyPath: m_LocalEulerAnglesHint.y
      value: 0
      objectReference: {fileID: 0}
    - target: {fileID: 816116225269981026, guid: 084e0be0c7cc06548b8dff3dbe7c72fa,
        type: 3}
      propertyPath: m_LocalEulerAnglesHint.z
      value: 0
      objectReference: {fileID: 0}
    - target: {fileID: 6700619204223134036, guid: 084e0be0c7cc06548b8dff3dbe7c72fa,
        type: 3}
      propertyPath: OnTalkStart.m_PersistentCalls.m_Calls.Array.size
      value: 2
      objectReference: {fileID: 0}
    - target: {fileID: 6700619204223134036, guid: 084e0be0c7cc06548b8dff3dbe7c72fa,
        type: 3}
      propertyPath: talkPrefab
      value: 
      objectReference: {fileID: 4675525648743003319, guid: 252e3bb487061c64d8f763650407a798,
        type: 3}
    - target: {fileID: 6700619204223134036, guid: 084e0be0c7cc06548b8dff3dbe7c72fa,
        type: 3}
      propertyPath: OnTalkStart.m_PersistentCalls.m_Calls.Array.data[0].m_Target
      value: 
      objectReference: {fileID: 8553789754188264603}
    - target: {fileID: 6700619204223134036, guid: 084e0be0c7cc06548b8dff3dbe7c72fa,
        type: 3}
      propertyPath: OnTalkStart.m_PersistentCalls.m_Calls.Array.data[0].m_MethodName
      value: SetActive
      objectReference: {fileID: 0}
    - target: {fileID: 6700619204223134036, guid: 084e0be0c7cc06548b8dff3dbe7c72fa,
        type: 3}
      propertyPath: OnTalkStart.m_PersistentCalls.m_Calls.Array.data[0].m_Mode
      value: 6
      objectReference: {fileID: 0}
    - target: {fileID: 6700619204223134036, guid: 084e0be0c7cc06548b8dff3dbe7c72fa,
        type: 3}
      propertyPath: OnTalkStart.m_PersistentCalls.m_Calls.Array.data[0].m_Arguments.m_ObjectArgumentAssemblyTypeName
      value: UnityEngine.Object, UnityEngine
      objectReference: {fileID: 0}
    - target: {fileID: 6700619204223134036, guid: 084e0be0c7cc06548b8dff3dbe7c72fa,
        type: 3}
      propertyPath: OnTalkStart.m_PersistentCalls.m_Calls.Array.data[0].m_Arguments.m_BoolArgument
      value: 1
      objectReference: {fileID: 0}
    - target: {fileID: 6700619204223134036, guid: 084e0be0c7cc06548b8dff3dbe7c72fa,
        type: 3}
      propertyPath: OnTalkStart.m_PersistentCalls.m_Calls.Array.data[0].m_CallState
      value: 2
      objectReference: {fileID: 0}
    - target: {fileID: 6700619204223134036, guid: 084e0be0c7cc06548b8dff3dbe7c72fa,
        type: 3}
      propertyPath: OnTalkStart.m_PersistentCalls.m_Calls.Array.data[1].m_Target
      value: 
      objectReference: {fileID: 8553789753912569438}
    - target: {fileID: 6700619204223134036, guid: 084e0be0c7cc06548b8dff3dbe7c72fa,
        type: 3}
      propertyPath: OnTalkStart.m_PersistentCalls.m_Calls.Array.data[1].m_MethodName
      value: SetActive
      objectReference: {fileID: 0}
    - target: {fileID: 6700619204223134036, guid: 084e0be0c7cc06548b8dff3dbe7c72fa,
        type: 3}
      propertyPath: OnTalkStart.m_PersistentCalls.m_Calls.Array.data[1].m_Mode
      value: 6
      objectReference: {fileID: 0}
    - target: {fileID: 6700619204223134036, guid: 084e0be0c7cc06548b8dff3dbe7c72fa,
        type: 3}
      propertyPath: OnTalkStart.m_PersistentCalls.m_Calls.Array.data[1].m_Arguments.m_ObjectArgumentAssemblyTypeName
      value: UnityEngine.Object, UnityEngine
      objectReference: {fileID: 0}
    - target: {fileID: 6700619204223134036, guid: 084e0be0c7cc06548b8dff3dbe7c72fa,
        type: 3}
      propertyPath: OnTalkStart.m_PersistentCalls.m_Calls.Array.data[1].m_Arguments.m_BoolArgument
      value: 1
      objectReference: {fileID: 0}
    - target: {fileID: 6700619204223134036, guid: 084e0be0c7cc06548b8dff3dbe7c72fa,
        type: 3}
      propertyPath: OnTalkStart.m_PersistentCalls.m_Calls.Array.data[1].m_CallState
      value: 2
      objectReference: {fileID: 0}
    m_RemovedComponents: []
  m_SourcePrefab: {fileID: 100100000, guid: 084e0be0c7cc06548b8dff3dbe7c72fa, type: 3}
--- !u!1 &9072016652282557877 stripped
GameObject:
  m_CorrespondingSourceObject: {fileID: 816116225269981027, guid: 084e0be0c7cc06548b8dff3dbe7c72fa,
    type: 3}
  m_PrefabInstance: {fileID: 8553789755251010262}
  m_PrefabAsset: {fileID: 0}
--- !u!4 &9072016652282557876 stripped
Transform:
  m_CorrespondingSourceObject: {fileID: 816116225269981026, guid: 084e0be0c7cc06548b8dff3dbe7c72fa,
    type: 3}
  m_PrefabInstance: {fileID: 8553789755251010262}
  m_PrefabAsset: {fileID: 0}
--- !u!1001 &8553789755410426320
PrefabInstance:
  m_ObjectHideFlags: 0
  serializedVersion: 2
  m_Modification:
    m_TransformParent: {fileID: 8553789755261488315}
    m_Modifications:
    - target: {fileID: -927199367670048503, guid: d4c704e4106bc57418ee82c768c2122e,
        type: 3}
      propertyPath: m_Name
      value: bulwer@T-pose
      objectReference: {fileID: 0}
    - target: {fileID: -927199367670048503, guid: d4c704e4106bc57418ee82c768c2122e,
        type: 3}
      propertyPath: m_Layer
      value: 11
      objectReference: {fileID: 0}
    - target: {fileID: -4155035350332246611, guid: d4c704e4106bc57418ee82c768c2122e,
        type: 3}
      propertyPath: m_Layer
      value: 11
      objectReference: {fileID: 0}
    - target: {fileID: 1709853700037903686, guid: d4c704e4106bc57418ee82c768c2122e,
        type: 3}
      propertyPath: m_Layer
      value: 11
      objectReference: {fileID: 0}
    - target: {fileID: -4216859302048453862, guid: d4c704e4106bc57418ee82c768c2122e,
        type: 3}
      propertyPath: m_LocalPosition.x
      value: -0.15075684
      objectReference: {fileID: 0}
    - target: {fileID: -4216859302048453862, guid: d4c704e4106bc57418ee82c768c2122e,
        type: 3}
      propertyPath: m_LocalPosition.y
      value: -0.009824753
      objectReference: {fileID: 0}
    - target: {fileID: -4216859302048453862, guid: d4c704e4106bc57418ee82c768c2122e,
        type: 3}
      propertyPath: m_LocalPosition.z
      value: -0.18060303
      objectReference: {fileID: 0}
    - target: {fileID: -4216859302048453862, guid: d4c704e4106bc57418ee82c768c2122e,
        type: 3}
      propertyPath: m_LocalRotation.x
      value: -0
      objectReference: {fileID: 0}
    - target: {fileID: -4216859302048453862, guid: d4c704e4106bc57418ee82c768c2122e,
        type: 3}
      propertyPath: m_LocalRotation.y
      value: 0.72217417
      objectReference: {fileID: 0}
    - target: {fileID: -4216859302048453862, guid: d4c704e4106bc57418ee82c768c2122e,
        type: 3}
      propertyPath: m_LocalRotation.z
      value: -0
      objectReference: {fileID: 0}
    - target: {fileID: -4216859302048453862, guid: d4c704e4106bc57418ee82c768c2122e,
        type: 3}
      propertyPath: m_LocalRotation.w
      value: 0.69171125
      objectReference: {fileID: 0}
    - target: {fileID: -4216859302048453862, guid: d4c704e4106bc57418ee82c768c2122e,
        type: 3}
      propertyPath: m_RootOrder
      value: 2
      objectReference: {fileID: 0}
    - target: {fileID: -4216859302048453862, guid: d4c704e4106bc57418ee82c768c2122e,
        type: 3}
      propertyPath: m_LocalEulerAnglesHint.x
      value: 0
      objectReference: {fileID: 0}
    - target: {fileID: -4216859302048453862, guid: d4c704e4106bc57418ee82c768c2122e,
        type: 3}
      propertyPath: m_LocalEulerAnglesHint.y
      value: 92.469
      objectReference: {fileID: 0}
    - target: {fileID: -4216859302048453862, guid: d4c704e4106bc57418ee82c768c2122e,
        type: 3}
      propertyPath: m_LocalEulerAnglesHint.z
      value: 0
      objectReference: {fileID: 0}
    - target: {fileID: -6057140222963153312, guid: d4c704e4106bc57418ee82c768c2122e,
        type: 3}
      propertyPath: m_Controller
      value: 
      objectReference: {fileID: 9100000, guid: 2ab042bbabbab5242906d1aa4f9fe4f2, type: 2}
    - target: {fileID: 1253646842360461359, guid: d4c704e4106bc57418ee82c768c2122e,
        type: 3}
      propertyPath: m_Layer
      value: 11
      objectReference: {fileID: 0}
    - target: {fileID: -7943378556525867576, guid: d4c704e4106bc57418ee82c768c2122e,
        type: 3}
      propertyPath: m_Layer
      value: 11
      objectReference: {fileID: 0}
    - target: {fileID: -7893164855263403619, guid: d4c704e4106bc57418ee82c768c2122e,
        type: 3}
      propertyPath: m_Layer
      value: 11
      objectReference: {fileID: 0}
    - target: {fileID: 937766337304313358, guid: d4c704e4106bc57418ee82c768c2122e,
        type: 3}
      propertyPath: m_Layer
      value: 11
      objectReference: {fileID: 0}
    - target: {fileID: 4052544338733390513, guid: d4c704e4106bc57418ee82c768c2122e,
        type: 3}
      propertyPath: m_Layer
      value: 11
      objectReference: {fileID: 0}
    - target: {fileID: 5959590627396097153, guid: d4c704e4106bc57418ee82c768c2122e,
        type: 3}
      propertyPath: m_Layer
      value: 11
      objectReference: {fileID: 0}
    - target: {fileID: 5424118878661521623, guid: d4c704e4106bc57418ee82c768c2122e,
        type: 3}
      propertyPath: m_Layer
      value: 11
      objectReference: {fileID: 0}
    - target: {fileID: -3868957934732669606, guid: d4c704e4106bc57418ee82c768c2122e,
        type: 3}
      propertyPath: m_Layer
      value: 11
      objectReference: {fileID: 0}
    - target: {fileID: 5752821133909912447, guid: d4c704e4106bc57418ee82c768c2122e,
        type: 3}
      propertyPath: m_Layer
      value: 11
      objectReference: {fileID: 0}
    - target: {fileID: -1107675981691528788, guid: d4c704e4106bc57418ee82c768c2122e,
        type: 3}
      propertyPath: m_Layer
      value: 11
      objectReference: {fileID: 0}
    - target: {fileID: 7250056278445539589, guid: d4c704e4106bc57418ee82c768c2122e,
        type: 3}
      propertyPath: m_Layer
      value: 11
      objectReference: {fileID: 0}
    - target: {fileID: 7378433538041558874, guid: d4c704e4106bc57418ee82c768c2122e,
        type: 3}
      propertyPath: m_Layer
      value: 11
      objectReference: {fileID: 0}
    - target: {fileID: 2329505420794184642, guid: d4c704e4106bc57418ee82c768c2122e,
        type: 3}
      propertyPath: m_Layer
      value: 11
      objectReference: {fileID: 0}
    - target: {fileID: -2445193559103534071, guid: d4c704e4106bc57418ee82c768c2122e,
        type: 3}
      propertyPath: m_Layer
      value: 11
      objectReference: {fileID: 0}
    - target: {fileID: 6167904293427101411, guid: d4c704e4106bc57418ee82c768c2122e,
        type: 3}
      propertyPath: m_Layer
      value: 11
      objectReference: {fileID: 0}
    - target: {fileID: -4964426168678133720, guid: d4c704e4106bc57418ee82c768c2122e,
        type: 3}
      propertyPath: m_Layer
      value: 11
      objectReference: {fileID: 0}
    - target: {fileID: 3782432903653303537, guid: d4c704e4106bc57418ee82c768c2122e,
        type: 3}
      propertyPath: m_Layer
      value: 11
      objectReference: {fileID: 0}
    - target: {fileID: 8742008233500340892, guid: d4c704e4106bc57418ee82c768c2122e,
        type: 3}
      propertyPath: m_Layer
      value: 11
      objectReference: {fileID: 0}
    - target: {fileID: -4607699284664234186, guid: d4c704e4106bc57418ee82c768c2122e,
        type: 3}
      propertyPath: m_Layer
      value: 11
      objectReference: {fileID: 0}
    - target: {fileID: 8219362072142390352, guid: d4c704e4106bc57418ee82c768c2122e,
        type: 3}
      propertyPath: m_Layer
      value: 11
      objectReference: {fileID: 0}
    - target: {fileID: 7007650227998529439, guid: d4c704e4106bc57418ee82c768c2122e,
        type: 3}
      propertyPath: m_Layer
      value: 11
      objectReference: {fileID: 0}
    - target: {fileID: 1881797528090517389, guid: d4c704e4106bc57418ee82c768c2122e,
        type: 3}
      propertyPath: m_Layer
      value: 11
      objectReference: {fileID: 0}
    - target: {fileID: 2440268447527424636, guid: d4c704e4106bc57418ee82c768c2122e,
        type: 3}
      propertyPath: m_Layer
      value: 11
      objectReference: {fileID: 0}
    - target: {fileID: -2520816418532539725, guid: d4c704e4106bc57418ee82c768c2122e,
        type: 3}
      propertyPath: m_Layer
      value: 11
      objectReference: {fileID: 0}
    - target: {fileID: 6881932852953648046, guid: d4c704e4106bc57418ee82c768c2122e,
        type: 3}
      propertyPath: m_Layer
      value: 11
      objectReference: {fileID: 0}
    - target: {fileID: 7475259027989177923, guid: d4c704e4106bc57418ee82c768c2122e,
        type: 3}
      propertyPath: m_Layer
      value: 11
      objectReference: {fileID: 0}
    - target: {fileID: -7092056684981714454, guid: d4c704e4106bc57418ee82c768c2122e,
        type: 3}
      propertyPath: m_Layer
      value: 11
      objectReference: {fileID: 0}
    - target: {fileID: -9062476720484858585, guid: d4c704e4106bc57418ee82c768c2122e,
        type: 3}
      propertyPath: m_Layer
      value: 11
      objectReference: {fileID: 0}
    - target: {fileID: 4436829760782469501, guid: d4c704e4106bc57418ee82c768c2122e,
        type: 3}
      propertyPath: m_Layer
      value: 11
      objectReference: {fileID: 0}
    - target: {fileID: 3772551937752447412, guid: d4c704e4106bc57418ee82c768c2122e,
        type: 3}
      propertyPath: m_Layer
      value: 11
      objectReference: {fileID: 0}
    - target: {fileID: 2681956757778336384, guid: d4c704e4106bc57418ee82c768c2122e,
        type: 3}
      propertyPath: m_Layer
      value: 11
      objectReference: {fileID: 0}
    - target: {fileID: -6507621502745489020, guid: d4c704e4106bc57418ee82c768c2122e,
        type: 3}
      propertyPath: m_Layer
      value: 11
      objectReference: {fileID: 0}
    - target: {fileID: -819139046232449951, guid: d4c704e4106bc57418ee82c768c2122e,
        type: 3}
      propertyPath: m_Layer
      value: 11
      objectReference: {fileID: 0}
    - target: {fileID: 7957238264371128456, guid: d4c704e4106bc57418ee82c768c2122e,
        type: 3}
      propertyPath: m_Layer
      value: 11
      objectReference: {fileID: 0}
    - target: {fileID: -8542655298583481684, guid: d4c704e4106bc57418ee82c768c2122e,
        type: 3}
      propertyPath: m_Layer
      value: 11
      objectReference: {fileID: 0}
    - target: {fileID: -9217817218132447574, guid: d4c704e4106bc57418ee82c768c2122e,
        type: 3}
      propertyPath: m_Layer
      value: 11
      objectReference: {fileID: 0}
    - target: {fileID: -7359990308800947477, guid: d4c704e4106bc57418ee82c768c2122e,
        type: 3}
      propertyPath: m_Layer
      value: 11
      objectReference: {fileID: 0}
    - target: {fileID: 2304327214476572559, guid: d4c704e4106bc57418ee82c768c2122e,
        type: 3}
      propertyPath: m_Layer
      value: 11
      objectReference: {fileID: 0}
    - target: {fileID: -5170319882346699478, guid: d4c704e4106bc57418ee82c768c2122e,
        type: 3}
      propertyPath: m_Layer
      value: 11
      objectReference: {fileID: 0}
    - target: {fileID: 4455048347907388339, guid: d4c704e4106bc57418ee82c768c2122e,
        type: 3}
      propertyPath: m_Layer
      value: 11
      objectReference: {fileID: 0}
    - target: {fileID: -4873144124511306651, guid: d4c704e4106bc57418ee82c768c2122e,
        type: 3}
      propertyPath: m_Layer
      value: 11
      objectReference: {fileID: 0}
    - target: {fileID: 2924850608313876297, guid: d4c704e4106bc57418ee82c768c2122e,
        type: 3}
      propertyPath: m_Layer
      value: 11
      objectReference: {fileID: 0}
    - target: {fileID: 2645891699544597379, guid: d4c704e4106bc57418ee82c768c2122e,
        type: 3}
      propertyPath: m_Layer
      value: 11
      objectReference: {fileID: 0}
    - target: {fileID: 6621138139311443479, guid: d4c704e4106bc57418ee82c768c2122e,
        type: 3}
      propertyPath: m_Layer
      value: 11
      objectReference: {fileID: 0}
    - target: {fileID: -3919916619192582342, guid: d4c704e4106bc57418ee82c768c2122e,
        type: 3}
      propertyPath: m_Layer
      value: 11
      objectReference: {fileID: 0}
    - target: {fileID: 4660896697276302207, guid: d4c704e4106bc57418ee82c768c2122e,
        type: 3}
      propertyPath: m_Layer
      value: 11
      objectReference: {fileID: 0}
    - target: {fileID: 1513123634317471949, guid: d4c704e4106bc57418ee82c768c2122e,
        type: 3}
      propertyPath: m_Layer
      value: 11
      objectReference: {fileID: 0}
    - target: {fileID: 795891356476622713, guid: d4c704e4106bc57418ee82c768c2122e,
        type: 3}
      propertyPath: m_Layer
      value: 11
      objectReference: {fileID: 0}
    - target: {fileID: 475786592587937713, guid: d4c704e4106bc57418ee82c768c2122e,
        type: 3}
      propertyPath: m_Layer
      value: 11
      objectReference: {fileID: 0}
    - target: {fileID: 4077215548139417464, guid: d4c704e4106bc57418ee82c768c2122e,
        type: 3}
      propertyPath: m_Layer
      value: 11
      objectReference: {fileID: 0}
    - target: {fileID: 3181258581385048476, guid: d4c704e4106bc57418ee82c768c2122e,
        type: 3}
      propertyPath: m_Layer
      value: 11
      objectReference: {fileID: 0}
    - target: {fileID: -6008434836159022525, guid: d4c704e4106bc57418ee82c768c2122e,
        type: 3}
      propertyPath: m_Layer
      value: 11
      objectReference: {fileID: 0}
    - target: {fileID: 2513286471003738468, guid: d4c704e4106bc57418ee82c768c2122e,
        type: 3}
      propertyPath: m_Layer
      value: 11
      objectReference: {fileID: 0}
    - target: {fileID: -6580825245619992734, guid: d4c704e4106bc57418ee82c768c2122e,
        type: 3}
      propertyPath: m_Layer
      value: 11
      objectReference: {fileID: 0}
    - target: {fileID: 8720526279339648621, guid: d4c704e4106bc57418ee82c768c2122e,
        type: 3}
      propertyPath: m_Layer
      value: 11
      objectReference: {fileID: 0}
    - target: {fileID: 7823754460785210617, guid: d4c704e4106bc57418ee82c768c2122e,
        type: 3}
      propertyPath: m_Layer
      value: 11
      objectReference: {fileID: 0}
    - target: {fileID: -5576079203852328785, guid: d4c704e4106bc57418ee82c768c2122e,
        type: 3}
      propertyPath: m_Layer
      value: 11
      objectReference: {fileID: 0}
    - target: {fileID: -6715580246839238597, guid: d4c704e4106bc57418ee82c768c2122e,
        type: 3}
      propertyPath: m_Layer
      value: 11
      objectReference: {fileID: 0}
    - target: {fileID: 2797045442853121195, guid: d4c704e4106bc57418ee82c768c2122e,
        type: 3}
      propertyPath: m_Layer
      value: 11
      objectReference: {fileID: 0}
    - target: {fileID: 6776091545344089510, guid: d4c704e4106bc57418ee82c768c2122e,
        type: 3}
      propertyPath: m_Layer
      value: 11
      objectReference: {fileID: 0}
    - target: {fileID: -3497994349948441366, guid: d4c704e4106bc57418ee82c768c2122e,
        type: 3}
      propertyPath: m_Layer
      value: 11
      objectReference: {fileID: 0}
    - target: {fileID: -4500163068696852293, guid: d4c704e4106bc57418ee82c768c2122e,
        type: 3}
      propertyPath: m_Layer
      value: 11
      objectReference: {fileID: 0}
    - target: {fileID: -1118290226545362544, guid: d4c704e4106bc57418ee82c768c2122e,
        type: 3}
      propertyPath: m_Layer
      value: 11
      objectReference: {fileID: 0}
    - target: {fileID: 8293479669820714348, guid: d4c704e4106bc57418ee82c768c2122e,
        type: 3}
      propertyPath: m_Layer
      value: 11
      objectReference: {fileID: 0}
    - target: {fileID: 8389181125933912402, guid: d4c704e4106bc57418ee82c768c2122e,
        type: 3}
      propertyPath: m_Layer
      value: 11
      objectReference: {fileID: 0}
    - target: {fileID: 7051601365862900415, guid: d4c704e4106bc57418ee82c768c2122e,
        type: 3}
      propertyPath: m_Layer
      value: 11
      objectReference: {fileID: 0}
    - target: {fileID: 1393244899101934857, guid: d4c704e4106bc57418ee82c768c2122e,
        type: 3}
      propertyPath: m_Layer
      value: 11
      objectReference: {fileID: 0}
    - target: {fileID: 646692406149495502, guid: d4c704e4106bc57418ee82c768c2122e,
        type: 3}
      propertyPath: m_Layer
      value: 11
      objectReference: {fileID: 0}
    - target: {fileID: -9137515893360014211, guid: d4c704e4106bc57418ee82c768c2122e,
        type: 3}
      propertyPath: m_Layer
      value: 11
      objectReference: {fileID: 0}
    - target: {fileID: -8873061174282264678, guid: d4c704e4106bc57418ee82c768c2122e,
        type: 3}
      propertyPath: m_Layer
      value: 11
      objectReference: {fileID: 0}
    - target: {fileID: -4672879678457480913, guid: d4c704e4106bc57418ee82c768c2122e,
        type: 3}
      propertyPath: m_Layer
      value: 11
      objectReference: {fileID: 0}
    - target: {fileID: -6091057318612165397, guid: d4c704e4106bc57418ee82c768c2122e,
        type: 3}
      propertyPath: m_Layer
      value: 11
      objectReference: {fileID: 0}
    - target: {fileID: 3156069606569102113, guid: d4c704e4106bc57418ee82c768c2122e,
        type: 3}
      propertyPath: m_Layer
      value: 11
      objectReference: {fileID: 0}
    - target: {fileID: -3329448924069782897, guid: d4c704e4106bc57418ee82c768c2122e,
        type: 3}
      propertyPath: m_Layer
      value: 11
      objectReference: {fileID: 0}
    - target: {fileID: 5805460285772568982, guid: d4c704e4106bc57418ee82c768c2122e,
        type: 3}
      propertyPath: m_Layer
      value: 11
      objectReference: {fileID: 0}
    - target: {fileID: -3828584962494784366, guid: d4c704e4106bc57418ee82c768c2122e,
        type: 3}
      propertyPath: m_Layer
      value: 11
      objectReference: {fileID: 0}
    m_RemovedComponents: []
  m_SourcePrefab: {fileID: 100100000, guid: d4c704e4106bc57418ee82c768c2122e, type: 3}
--- !u!4 &3733377133234651850 stripped
Transform:
  m_CorrespondingSourceObject: {fileID: -4216859302048453862, guid: d4c704e4106bc57418ee82c768c2122e,
    type: 3}
  m_PrefabInstance: {fileID: 8553789755410426320}
  m_PrefabAsset: {fileID: 0}
