%YAML 1.1
%TAG !u! tag:unity3d.com,2011:
--- !u!1 &3934608452377384472
GameObject:
  m_ObjectHideFlags: 0
  m_CorrespondingSourceObject: {fileID: 0}
  m_PrefabInstance: {fileID: 0}
  m_PrefabAsset: {fileID: 0}
  serializedVersion: 6
  m_Component:
  - component: {fileID: 8148836238310501991}
  - component: {fileID: 3420204955104172015}
  - component: {fileID: 7263512665580508863}
  m_Layer: 0
  m_Name: Poste_Low
  m_TagString: Untagged
  m_Icon: {fileID: 0}
  m_NavMeshLayer: 0
  m_StaticEditorFlags: 0
  m_IsActive: 1
--- !u!4 &8148836238310501991
Transform:
  m_ObjectHideFlags: 0
  m_CorrespondingSourceObject: {fileID: 0}
  m_PrefabInstance: {fileID: 0}
  m_PrefabAsset: {fileID: 0}
  m_GameObject: {fileID: 3934608452377384472}
  m_LocalRotation: {x: 0, y: -0, z: -0, w: 1}
  m_LocalPosition: {x: 0.455, y: 0, z: 0}
  m_LocalScale: {x: 1, y: 1.2193, z: 1}
  m_Children: []
  m_Father: {fileID: 5574711836494526997}
  m_RootOrder: 0
  m_LocalEulerAnglesHint: {x: 0, y: 0, z: 0}
--- !u!33 &3420204955104172015
MeshFilter:
  m_ObjectHideFlags: 0
  m_CorrespondingSourceObject: {fileID: 0}
  m_PrefabInstance: {fileID: 0}
  m_PrefabAsset: {fileID: 0}
  m_GameObject: {fileID: 3934608452377384472}
  m_Mesh: {fileID: -8262257342455068582, guid: feb72bbb572812740a84fa167652be05, type: 3}
--- !u!23 &7263512665580508863
MeshRenderer:
  m_ObjectHideFlags: 0
  m_CorrespondingSourceObject: {fileID: 0}
  m_PrefabInstance: {fileID: 0}
  m_PrefabAsset: {fileID: 0}
  m_GameObject: {fileID: 3934608452377384472}
  m_Enabled: 1
  m_CastShadows: 1
  m_ReceiveShadows: 1
  m_DynamicOccludee: 1
  m_MotionVectors: 1
  m_LightProbeUsage: 1
  m_ReflectionProbeUsage: 1
  m_RenderingLayerMask: 1
  m_RendererPriority: 0
  m_Materials:
  - {fileID: 2100000, guid: a9be6298cc4ee734dacaa7649585597b, type: 2}
  m_StaticBatchInfo:
    firstSubMesh: 0
    subMeshCount: 0
  m_StaticBatchRoot: {fileID: 0}
  m_ProbeAnchor: {fileID: 0}
  m_LightProbeVolumeOverride: {fileID: 0}
  m_ScaleInLightmap: 1
  m_ReceiveGI: 1
  m_PreserveUVs: 0
  m_IgnoreNormalsForChartDetection: 0
  m_ImportantGI: 0
  m_StitchLightmapSeams: 1
  m_SelectedEditorRenderState: 3
  m_MinimumChartSize: 4
  m_AutoUVMaxDistance: 0.5
  m_AutoUVMaxAngle: 89
  m_LightmapParameters: {fileID: 0}
  m_SortingLayerID: 0
  m_SortingLayer: 0
  m_SortingOrder: 0
--- !u!1 &8864776464117860358
GameObject:
  m_ObjectHideFlags: 0
  m_CorrespondingSourceObject: {fileID: 0}
  m_PrefabInstance: {fileID: 0}
  m_PrefabAsset: {fileID: 0}
  serializedVersion: 6
  m_Component:
  - component: {fileID: 5574711836494526997}
  - component: {fileID: 2582630908473333615}
  - component: {fileID: 587700165477774155}
  - component: {fileID: 587700165477774156}
  m_Layer: 0
  m_Name: PosteComLamp
  m_TagString: Untagged
  m_Icon: {fileID: 0}
  m_NavMeshLayer: 0
  m_StaticEditorFlags: 0
  m_IsActive: 1
--- !u!4 &5574711836494526997
Transform:
  m_ObjectHideFlags: 0
  m_CorrespondingSourceObject: {fileID: 0}
  m_PrefabInstance: {fileID: 0}
  m_PrefabAsset: {fileID: 0}
  m_GameObject: {fileID: 8864776464117860358}
  m_LocalRotation: {x: 0, y: 0, z: 0, w: 1}
  m_LocalPosition: {x: 0, y: 0, z: 0}
  m_LocalScale: {x: 1.3486, y: 1.3486, z: 1.3486}
  m_Children:
  - {fileID: 8148836238310501991}
  - {fileID: 5574711837785084561}
  m_Father: {fileID: 0}
  m_RootOrder: 0
  m_LocalEulerAnglesHint: {x: 0, y: 0, z: 0}
--- !u!95 &2582630908473333615
Animator:
  serializedVersion: 3
  m_ObjectHideFlags: 0
  m_CorrespondingSourceObject: {fileID: 0}
  m_PrefabInstance: {fileID: 0}
  m_PrefabAsset: {fileID: 0}
  m_GameObject: {fileID: 8864776464117860358}
  m_Enabled: 1
  m_Avatar: {fileID: 9000000, guid: feb72bbb572812740a84fa167652be05, type: 3}
  m_Controller: {fileID: 0}
  m_CullingMode: 0
  m_UpdateMode: 0
  m_ApplyRootMotion: 0
  m_LinearVelocityBlending: 0
  m_WarningMessage: 
  m_HasTransformHierarchy: 1
  m_AllowConstantClipSamplingOptimization: 1
  m_KeepAnimatorControllerStateOnDisable: 0
--- !u!136 &587700165477774155
CapsuleCollider:
  m_ObjectHideFlags: 0
  m_CorrespondingSourceObject: {fileID: 0}
  m_PrefabInstance: {fileID: 0}
  m_PrefabAsset: {fileID: 0}
  m_GameObject: {fileID: 8864776464117860358}
  m_Material: {fileID: 0}
  m_IsTrigger: 0
  m_Enabled: 1
  m_Radius: 0.5
  m_Height: 4.1
  m_Direction: 1
  m_Center: {x: 0, y: 1.78, z: 0}
--- !u!114 &587700165477774156
MonoBehaviour:
  m_ObjectHideFlags: 0
  m_CorrespondingSourceObject: {fileID: 0}
  m_PrefabInstance: {fileID: 0}
  m_PrefabAsset: {fileID: 0}
  m_GameObject: {fileID: 8864776464117860358}
  m_Enabled: 1
  m_EditorHideFlags: 0
  m_Script: {fileID: 11500000, guid: 5d6b037eacced534c86399a060883427, type: 3}
  m_Name: 
  m_EditorClassIdentifier: 
  type: 2
--- !u!1001 &917099656504091911
PrefabInstance:
  m_ObjectHideFlags: 0
  serializedVersion: 2
  m_Modification:
    m_TransformParent: {fileID: 5574711836494526997}
    m_Modifications:
    - target: {fileID: 8627826506611131781, guid: 2ac1583c1e1a5524fad3c17e1aeb807e,
        type: 3}
      propertyPath: m_Name
      value: Lampeao_Prefab
      objectReference: {fileID: 0}
    - target: {fileID: 4748882693630424982, guid: 2ac1583c1e1a5524fad3c17e1aeb807e,
        type: 3}
      propertyPath: m_LocalPosition.x
      value: -1.019
      objectReference: {fileID: 0}
    - target: {fileID: 4748882693630424982, guid: 2ac1583c1e1a5524fad3c17e1aeb807e,
        type: 3}
      propertyPath: m_LocalPosition.y
      value: 3.484
      objectReference: {fileID: 0}
    - target: {fileID: 4748882693630424982, guid: 2ac1583c1e1a5524fad3c17e1aeb807e,
        type: 3}
      propertyPath: m_LocalPosition.z
      value: 0.012
      objectReference: {fileID: 0}
    - target: {fileID: 4748882693630424982, guid: 2ac1583c1e1a5524fad3c17e1aeb807e,
        type: 3}
      propertyPath: m_LocalRotation.x
      value: -0
      objectReference: {fileID: 0}
    - target: {fileID: 4748882693630424982, guid: 2ac1583c1e1a5524fad3c17e1aeb807e,
        type: 3}
      propertyPath: m_LocalRotation.y
      value: -0
      objectReference: {fileID: 0}
    - target: {fileID: 4748882693630424982, guid: 2ac1583c1e1a5524fad3c17e1aeb807e,
        type: 3}
      propertyPath: m_LocalRotation.z
      value: -0
      objectReference: {fileID: 0}
    - target: {fileID: 4748882693630424982, guid: 2ac1583c1e1a5524fad3c17e1aeb807e,
        type: 3}
      propertyPath: m_LocalRotation.w
      value: 1
      objectReference: {fileID: 0}
    - target: {fileID: 4748882693630424982, guid: 2ac1583c1e1a5524fad3c17e1aeb807e,
        type: 3}
      propertyPath: m_RootOrder
      value: 1
      objectReference: {fileID: 0}
    - target: {fileID: 4748882693630424982, guid: 2ac1583c1e1a5524fad3c17e1aeb807e,
        type: 3}
      propertyPath: m_LocalEulerAnglesHint.x
      value: 0
      objectReference: {fileID: 0}
    - target: {fileID: 4748882693630424982, guid: 2ac1583c1e1a5524fad3c17e1aeb807e,
        type: 3}
      propertyPath: m_LocalEulerAnglesHint.y
      value: 0
      objectReference: {fileID: 0}
    - target: {fileID: 4748882693630424982, guid: 2ac1583c1e1a5524fad3c17e1aeb807e,
        type: 3}
      propertyPath: m_LocalEulerAnglesHint.z
      value: 0
      objectReference: {fileID: 0}
    m_RemovedComponents: []
  m_SourcePrefab: {fileID: 100100000, guid: 2ac1583c1e1a5524fad3c17e1aeb807e, type: 3}
--- !u!4 &5574711837785084561 stripped
Transform:
  m_CorrespondingSourceObject: {fileID: 4748882693630424982, guid: 2ac1583c1e1a5524fad3c17e1aeb807e,
    type: 3}
  m_PrefabInstance: {fileID: 917099656504091911}
  m_PrefabAsset: {fileID: 0}
